2488 4290
403 369 493 417 224

406 460 560 512 mani
599 466 784 514 aulem
823 461 1129 526 PontificeS,
1175 478 1241 529 pr
1267 467 1364 515 out
1403 466 1714 530 temporum
1754 469 1808 516 et
1845 478 2032 516 rerum
2081 465 2322 518 conditio

405 546 686 612 suadebat,
730 561 881 599 nunc
920 548 1228 614 convocatis
1267 547 1570 599 OEcumeni
1587 548 1666 600 cis
1718 549 1976 601 Conciliis
2014 555 2111 602 aut
2147 548 2323 617 explo-

406 636 521 683 rata
556 631 830 685 Ecclesiae
869 648 966 700 per
1007 632 1197 685 orbem
1237 633 1508 699 dispersae
1558 634 1840 697 sententia,
1899 649 2049 685 nunc
2086 651 2183 702 per
2221 637 2319 704 Sy-

405 718 579 770 nodos
616 718 985 785 particulareS‚
1029 732 1179 770 nunc
1215 717 1358 785 aliis,
1388 733 1526 784 quae
1555 719 1742 772 divina
1782 721 2165 787 suppeditabat
2200 737 2324 789 910

406 803 667 867 videntia,
724 803 994 856 adhibitis
1048 802 1292 868 auxiliis,
1340 819 1404 857 ea
1459 806 1703 857 tenenda
1754 803 2138 873 definiverunt,
2184 821 2324 873 quae

409 891 571 942 sacris
610 889 904 955 Scripturis
943 897 994 941 et
1033 878 1348 957 apostolicis
1377 890 1787 943 Traditionibus
1814 898 2180 946 consentanea
2215 894 2324 946 Deo

410 975 660 1028 adiutore
707 981 1091 1041 cognoverant.
1137 977 1327 1043 Neque
1367 976 1516 1028 enim
1555 976 1697 1029 Petri
1756 978 2161 1031 successoribus
2209 978 2325 1047 891-

410 1062 548 1114 ritus
597 1061 825 1113 Sanctus
873 1062 1172 1128 promissus
1212 1067 1307 1126 est,
1353 1068 1415 1114 ut
1461 1077 1524 1114 eo
1563 1061 1843 1116 revelante
1882 1078 2081 1116 novam
2132 1053 2325 1118 doctri-

410 1160 538 1198 nam
575 1147 961 1214 patefacerent,
992 1148 1088 1199 sed
1127 1153 1189 1199 ut
1225 1163 1287 1200 eo
1315 1149 1598 1200 assistente
1629 1148 1883 1200 traditam
1911 1162 2008 1216 per
2039 1149 2322 1217 Apostolos

412 1230 801 1285 revelationem
839 1249 937 1287 seu
975 1232 1107 1286 fidei
1146 1234 1461 1302 depositum
1500 1239 1684 1286 sancte
1723 1234 2064 1297 custodirent
2101 1242 2155 1288 et
2191 1236 2324 1289 fide-

354 1389 358 1394 *
410 1315 535 1369 liter
589 1325 929 1386 exponerent.
999 1320 1247 1381 Quorum
1304 1320 1535 1386 quidem
1595 1320 1962 1388 apostolicam
2018 1321 2323 1375 doctrinam

411 1418 602 1457 omnes
638 1405 977 1459 venerabiles
1027 1407 1205 1460 Patres
1264 1405 1500 1474 amplexi
1540 1414 1595 1460 et
1638 1407 1811 1461 sancti
1848 1407 2103 1461 Doctores
2139 1409 2325 1463 ortho-

410 1489 533 1541 doxi
583 1493 825 1545 venerati
881 1497 1043 1560 atque
1084 1493 1257 1546 secuti
1308 1498 1466 1560 sunt;
1533 1492 1854 1561 plenissime
1893 1493 2141 1560 scienteS,
2182 1493 2328 1547 hanc

409 1578 583 1629 sancti
603 1579 746 1631 Petri
767 1578 963 1632 Sedem
984 1580 1049 1633 ab
1070 1580 1224 1632 omni
1245 1594 1462 1649 semper
1484 1595 1667 1632 errore
1687 1565 1956 1632 illibatam
1977 1594 2318 1646 permanere,

412 1665 719 1716 secundum
756 1666 978 1717 Domini
1028 1666 1317 1719 Salvatoris
1356 1666 1533 1719 nostri
1573 1666 1819 1717 divinam
1858 1664 2326 1732 pollicitationem

415 1748 818 1817 discipulorum
841 1767 1073 1804 suorum
1105 1753 1340 1820 principi
1369 1751 1601 1806 factam:
1642 1771 1663 1799 «
1689 1755 1798 1817 Ego
1822 1752 2010 1817 rogavi
2036 1767 2134 1820 pro
2164 1757 2234 1819 te,
2267 1758 2329 1804 ut

416 1849 528 1888 non
567 1836 783 1890 deficiat
822 1836 955 1892 fides
996 1844 1122 1908 tua3
1178 1845 1231 1891 et
1279 1844 1337 1891 tu
1375 1837 1673 1905 aliquando
1715 1847 2022 1904 conversuS‚
2067 1839 2330 1907 confirma

418 1921 611 1975 fratres
649 1928 790 1978 tuos,
818 1947 837 1971 ι»

486 2009 601 2061 Hoc
638 2010 813 2076 igitur
851 2010 1096 2065 veritatis
1125 2017 1178 2064 et
1206 2010 1333 2064 fidei
1359 2026 1673 2080 numquam
1717 2011 2029 2092 deficientis·
2058 1993 2330 2064 charisma

419 2212 440 2257 I
474 2211 689 2258 Romani
719 2211 962 2260 Pontefici
992 2211 1093 2271 poi,
1127 2211 1439 2260 secondoche
1471 2211 1786 2270 consigliava
1819 2213 1869 2257 la
1915 2210 2213 2258 condizione
2243 2211 2325 2258 dei

421 2285 578 2345 tempi
610 2299 637 2333 0
668 2287 797 2334 delle
829 2299 958 2346 cose,
993 2300 1048 2335 or
1082 2287 1348 2334 convocati
1379 2287 1397 2333 i
1429 2286 1621 2334 Concili
1672 2286 1956 2335 ecumenici
2002 2298 2030 2332 o
2078 2285 2331 2344 esplorata

420 2363 470 2406 la
501 2360 741 2408 sentenza
773 2362 903 2408 della
935 2361 1118 2409 Ghiesa
1149 2373 1325 2420 sparsa
1356 2362 1489 2408 sulla
1533 2361 1690 2424 terra²
1722 2373 1777 2407 01
1810 2361 1887 2408 001
1918 2359 2095 2408 81110111
2116 2359 2330 2418 partico-

420 2434 532 2494 lari,
567 2447 655 2481 ora
685 2435 883 2483 usando
915 2436 1032 2483 altri
1065 2435 1195 2482 aiuti
1228 2435 1322 2483 che
1354 2433 1773 2482 somministrava
1816 2436 1868 2480 la
1910 2433 2088 2481 divina
2126 2433 2332 2481 Provvi-

422 2511 597 2568 denza‚
631 2510 914 2557 definirono
946 2510 1145 2557 doversi
1176 2509 1351 2557 tenere
1394 2510 1559 2568 quelle
1606 2521 1736 2568 cose,
1784 2510 1832 2556 le
1879 2508 2019 2569 quali
2067 2507 2330 2556 coll’aiuto

423 2584 473 2630 di
504 2583 597 2631 Dio
629 2596 825 2638 aveano
857 2580 1153 2633 conosciute
1184 2583 1527 2631 consentanee
1558 2584 1655 2631 alle
1685 2595 1826 2631 sacre
1858 2581 2106 2629 Scritture
2138 2581 2200 2629 ed
2233 2582 2328 2628 alle

420 2658 727 2716 apostoliche
757 2659 1054 2706 Tradizioni.
1091 2657 1380 2718 Dappoiche
1411 2658 1462 2704 ai
1494 2659 1781 2705 successori
1831 2657 1882 2703 di
1931 2656 2096 2704 Pietro
2138 2668 2242 2703 non
2272 2656 2329 2702 fu
2360 2719 2363 2724 .
2423 2683 2426 2685 -

422 2744 673 2790 promesso
705 2734 753 2780 lo
787 2733 977 2791 8911110
1009 2733 1167 2780 801110
1199 2745 1290 2793 901
1322 2732 1502 2792 questo
1535 2732 1723 2792 effettO,
1749 2759 1752 2763 >
1780 2731 1874 2778 che
1907 2743 1996 2790 per
2029 2742 2124 2778 sua
2152 2730 2332 2778 rivela·

424 2806 565 2853 zione
597 2808 697 2854 essi
736 2809 1047 2866 palesassero
1078 2820 1186 2855 una
1224 2806 1453 2855 dottrina
1499 2807 1720 2866 novella,
1767 2819 1852 2852 ma
1898 2802 2162 2852 acciocche
2206 2804 2334 2850 colla

422 2891 518 2927 sua
548 2882 823 2929 assistenza
854 2883 1176 2930 santamente
1223 2881 1562 2929 custodissem
1594 2894 1622 2927 e
1651 2879 1962 2928 fedelmente
2010 2889 2333 2937 esponessero

422 2954 472 2999 la
501 2955 806 3003 rivelazione
838 2957 1112 3024 trasmessa
1145 2956 1290 3016 dagli
1322 2954 1568 3014 Apostoli,
1605 2953 1712 3002 0100
1742 2953 1779 3000 11
1801 2952 2032 3012 deposito
2055 2952 2186 2999 della
2203 2951 2329 2999 fede.

422 3029 603 3077 Difatti
631 3030 947 3088 l’apostolica
987 3032 1094 3079 loro
1143 3030 1370 3078 dottrina
1416 3029 1816 3076 abbracciarono
1845 3027 1973 3074 tutti
2003 3028 2021 3073 1
2053 3025 2333 3074 venerabili

423 3105 589 3164 Padi-i,
614 3105 679 3152 ei
710 3105 847 3152 santi
878 3106 1124 3154 ortodossi
1155 3105 1354 3152 Dottori
1387 3115 1710 3152 venerarono
1741 3116 1769 3150 e
1799 3102 2108 3162 seguiron03
2144 3099 2331 3159 pienis-

423 3179 725 3227 simamente
754 3180 979 3238 sapendo
1011 3180 1105 3228 0110
1137 3180 1321 3240 questa
1353 3178 1480 3227 Sede
1515 3178 1567 3225 di
1600 3177 1703 3225 San
1724 3176 1893 3224 Pietro
1914 3176 2111 3223 rimane
2134 3186 2333 3233 sempre

421 3253 618 3302 illibata
649 3253 713 3313 da
744 3254 872 3313 ogni
902 3267 1089 3314 errore,
1139 3253 1318 3315 giusta
1360 3255 1411 3300 la
1454 3252 1631 3300 divina
1677 3261 1936 3310 promessa
1983 3250 2064 3296 del
2111 3248 2333 3307 Signore

422 3328 655 3376 Salvator
687 3327 879 3386 nostro,
914 3327 1044 3375 satta
1075 3330 1122 3375 al
1153 3328 1397 3387 Principe
1443 3327 1522 3374 de'
1541 3327 1654 3373 suoi
1701 3323 1968 3384 discepoli:
2015 3324 2113 3382 qu
2163 3320 2336 3382 rogavi

418 3414 514 3463 pro
545 3403 607 3463 te,
640 3401 698 3450 ut
721 3411 815 3449 non
839 3400 1038 3461 deficiat
1056 3401 1189 3461 fides
1214 3402 1334 3451 tua.-
1366 3401 1413 3450 et
1433 3401 1491 3450 tu
1514 3398 1782 3462 aliquando
1802 3407 2077 3456 conversim,
2099 3395 2334 3456 confirma

421 3477 625 3539 fratres
656 3477 782 3525 tuos.

482 3552 670 3614 Questo
700 3550 917 3600 carisma
949 3551 1161 3611 dunque
1193 3549 1245 3597 di
1276 3549 1438 3598 verita
1471 3562 1498 3598 e
1533 3548 1583 3597 di
1614 3547 1724 3598 fede
1757 3558 1860 3595 non
1905 3544 2009 3601 mai
2056 3541 2322 3606 deficiente
