2488 4290
431 258 518 309 128

428 365 532 417 Nos
569 364 867 432 scripsisse.
915 363 1116 417 Verum
1155 366 1203 417 si
1242 365 1609 433 postulantem
1637 382 1748 419 non
1778 367 2338 422 latet-catholicorum

429 450 567 502 fides
606 452 671 502 de
710 451 1032 516 magisterio
1073 469 1100 504 a
1142 453 1327 504 divino
1369 454 1648 504 Servatore
1687 461 1873 505 nostro
1916 456 2335 508 commisso-Ec-

432 537 626 588 clesiae
679 552 845 599 suae,
913 543 963 588 et
1017 539 1083 589 de
1123 538 1291 589 huius
1329 537 1727 590 infallibilitate
1767 548 2057 605 propterea
2094 540 2150 590 in
2204 541 2340 592 defi-

431 622 654 673 niendis
690 622 1106 687 quaestionibus
1147 624 1212 674 de
1254 623 1510 685 dogmate
1550 628 1603 673 et
1639 626 1913 691 moribus;
1961 623 2214 676 dubitare
2250 640 2345 678 ne-

430 709 623 772 quibit,
667 710 804 774 quin
843 706 1112 760 Ecclesiae
1149 710 1265 775 ipsa
1303 709 1416 774 pati
1446 724 1556 758 non
1589 709 1803 773 debeat,
1851 711 2099 762 revocari
2123 726 2346 762 rursum

430 794 488 843 in
529 793 982 859 disceptationem
1022 808 1246 856 erroreS,
1292 808 1432 858 quos
1471 793 1666 844 sedulo
1709 796 1991 861 expendit,
2040 795 2338 860 iudicavit,
2373 851 2375 857 y

434 883 487 928 et
523 879 813 930 damnavit.
859 878 965 930 Nec
1001 878 1154 929 aliud
1194 879 1244 930 ei
1286 878 1519 929 suadere
1557 885 1787 945 possunt
1825 881 2064 932 Litterae
2101 881 2339 933 Nostrae.

432 964 571 1014 Dum
610 964 761 1015 enim
802 964 1039 1014 diximus
1093 985 1111 1007 ιι
1149 978 1290 1014 nemo
1326 963 1558 1026 inficiari
1603 979 1661 1015 ac
1697 966 1921 1017 dubitare
1953 974 2136 1032 potest,
2180 968 2348 1031 ipsum

448 1050 764 1101 «Christum
800 1050 959 1100 Iesum
1020 1053 1078 1099 ut
1138 1050 1403 1100 humanis
1461 1051 1720 1103 omnibus
1780 1051 2228 1116 generationibus
2264 1066 2349 1103 re-

449 1157 466 1178 «
504 1135 838 1206 demptionis
877 1150 1008 1186 suae
1045 1134 1257 1186 fructus
1296 1134 1630 1202 applicaret,
1673 1151 1818 1188 suam
1859 1138 1942 1188 hic
1989 1139 2048 1187 in
2085 1138 2230 1188 terris
2265 1151 2350 1187 su·

450 1244 467 1265 «
502 1236 599 1286 pra
636 1221 839 1272 Petrum
898 1223 1106 1273 unicam
1166 1222 1448 1285 aedificasse
1503 1223 1804 1288 Ecclesiam,
1873 1222 1933 1272 id
1997 1227 2083 1275 est
2142 1236 2342 1286 unam,

449 1330 466 1352 «
502 1312 763 1369 sanctam,
811 1305 1154 1371 catholicam,
1201 1306 1573 1374 apostolicam,
1621 1311 1761 1374 eique
1794 1312 2122 1360 ‘necessariam
2156 1322 2349 1360 omnem

450 1417 467 1438 «
506 1396 770 1447 contulisse
800 1404 1089 1461 potestatem
1113 1438 1126 1459 ,
1195 1405 1254 1448 ut
1291 1398 1544 1461 iuteyrum
1584 1397 1989 1461 irwiolatumque¹
2018 1396 2347 1448 custodiretur

451 1503 468 1525 «
508 1481 624 1543 fidei
660 1483 950 1548 depositum,
997 1497 1060 1533 ac
1100 1483 1287 1535 eadem
1327 1482 1465 1534 fides
1494 1482 1751 1535 omnibus
1789 1482 2030 1549 populiS,
2072 1483 2341 1549 gentibus

451 1590 470 1611 «
506 1566 824 1620 nationibus
865 1568 1195 1635 traderetur3
1229 1590 1246 1614 n
1298 1569 1406 1621 hoc
1443 1569 1563 1635 ipso
1605 1567 1841 1620 diximus
1881 1577 2020 1620 ewtra
2057 1570 2352 1634 disputatio-

438 1654 520 1706 nis
556 1655 716 1704 aleam
753 1654 1114 1705 constitutum
1155 1669 1268 1706 esse
1307 1655 1630 1721 primatum,
1673 1669 1787 1705 non
1824 1654 2056 1706 honoris
2097 1659 2346 1719 tantum,

440 1740 534 1792 sed
560 1744 610 1791 et
645 1739 1046 1792 iurisdictionis
1072 1741 1228 1792 Petro
1259 1740 1489 1805 eiusque
1529 1741 1943 1793 successorihus
1982 1740 2048 1791 ab
2086 1739 2351 1791 Ecclesiae

438 1826 758 1878 institutore
797 1824 1078 1877 collatum.
1147 1825 1309 1891 Atqui
1369 1825 1430 1877 in
1488 1825 1597 1877 hoc
1651 1825 1925 1876 nimirum
1978 1818 2201 1876 cardine
2238 1829 2395 1876 tota·

442 2100 794 2149 determinarsi
825 2101 958 2148 dalla
988 2101 1039 2148 S.
1069 2101 1212 2160 Sede,
1237 2100 1342 2160 egli
1361 2101 1430 2148 ha
1451 2100 1626 2148 scritto
1653 2098 2019 2148 direttamente
2039 2113 2070 2147 a
2089 2099 2183 2148 Noi
2202 2112 2264 2147 su
2283 2096 2356 2147 tal

441 2175 711 2235 proposito.
748 2176 864 2235 Ora,
897 2188 950 2223 se
978 2175 1376 2235 l’interpellante
1407 2187 1617 2222 conosce
1650 2176 1799 2235 quale
1819 2175 1971 2235 sia21a
2002 2175 2245 2223 credenza
2274 2176 2356 2224 dei

442 2250 661 2298 cattolici
683 2263 772 2309 per
791 2251 1002 2310 rispetto
1033 2251 1133 2297 alla
1162 2249 1385 2298 autorita
1416 2250 1467 2296 di
1497 2250 1775 2309 insegnare
1807 2261 2048 2297 concessa
2079 2250 2161 2297 dal
2182 2250 2355 2298 nostro

442 2325 617 2372 divino
649 2325 908 2373 Salvatore
939 2327 1038 2371 alla
1069 2337 1163 2372 sua
1193 2325 1390 2384 Ohiesa,
1425 2337 1453 2372 e
1486 2324 1666 2384 quindi
1707 2323 1917 2383 rispetto
1956 2325 2056 2371 alla
2086 2336 2181 2371 sua
2208 2324 2356 2372 infal-

442 2399 624 2446 libilita
643 2401 726 2448 nel
747 2400 976 2448 decidere
994 2402 1041 2448 le
1063 2399 1318 2459 questioni
1348 2399 1441 2446 che
1473 2398 1864 2458 appartengono
1903 2400 1951 2445 al
1983 2399 2185 2446 domma
2206 2413 2235 2446 o
2257 2401 2356 2447 alla

443 2475 656 2534 morale3
705 2475 811 2533 egli
842 2475 968 2522 deve
999 2485 1191 2533 sapere,
1228 2473 1320 2520 che
1350 2473 1401 2519 la
1431 2472 1612 2520 Chiesa
1653 2485 1758 2520 non
1789 2473 1891 2531 puo
1924 2473 2228 2531 pei-mettere
2259 2474 2352 2522 che

443 2549 587 2595 siano
615 2549 813 2596 rimessi
841 2549 897 2595 in
930 2547 1239 2596 discussione
1271 2547 1428 2594 errori
1468 2547 1590 2595 stati
1624 2546 1715 2605 gia
1748 2547 2165 2595 accuratamente
2197 2548 2357 2595 consi-

445 2623 624 2682 derati,
658 2622 910 2681 giudicati
941 2636 968 2670 e
999 2622 1329 2670 condannati.
1378 2621 1565 2678 Questo
1595 2620 1623 2669 e
1654 2621 1847 2682 quanto
1882 2621 1909 2668 e
1942 2620 2037 2680 gia
2067 2621 2198 2670 stato
2228 2622 2356 2670 fatto

444 2697 565 2744 noto
596 2698 725 2744 dalle
754 2697 932 2744 Nostre
962 2695 1161 2743 Lettere
1193 2697 1407 2755 (lettera
1435 2695 1703 2755 apostolica
1725 2695 1803 2742 del
1827 2696 1885 2742 13
1909 2695 2166 2764 settembre
2188 2697 2305 2744 1868
2325 2708 2358 2745 a

447 2771 571 2818 tutti
592 2771 611 2818 i
621 2771 925 2830 protestante
944 2783 968 2819 e
996 2771 1101 2830 aqli
1131 2771 1260 2818 altri
1287 2782 1381 2818 uon
1413 2769 1672 2828 cattolici).
1707 2769 1961 2818 Perocche
1993 2772 2197 2831 quando
2229 2771 2358 2819 dice-

448 2858 623 2892 vamo:
664 2863 685 2887 «
715 2846 822 2894 Neri
850 2845 988 2904 poter
1016 2856 1171 2893 essere
1197 2845 1366 2905 neqato
1397 2844 1454 2892 rie
1478 2845 1619 2904 posco
1642 2844 1695 2892 iri
1717 2844 1905 2900 dubbiO,
1929 2844 2011 2892 elie
2037 2844 2167 2894 Gesio
2191 2845 2358 2894 Urisio

447 2921 614 2974 siesse,
655 2919 1040 2967 nell'estendere
1070 2932 1101 2966 a
1131 2919 1265 2967 tutte
1293 2921 1340 2967 le
1371 2918 1699 2978 generazioni
1741 2930 1931 2966 umane
1982 2919 2000 2964 1
2048 2918 2197 2966 frutti
2228 2920 2358 2968 della

449 3007 543 3041 sua
557 2992 1058 3053 Redenzione,sond0‘
1073 3004 1171 3056 qua
1181 2991 1273 3055 qut
1289 2993 1343 3041 iu
1365 2993 1506 3040 terra
1525 3004 1587 3041 su
1609 2993 1778 3040 Pietro
1804 2993 1858 3041 la
1878 3003 1972 3041 sua
1992 2992 2140 3041 unica
2163 2991 2355 3052 (ficiem,

450 3067 556 3115 cioe
584 3069 635 3113 la
665 3069 770 3114 sola
799 3067 964 3126 santa,
997 3066 1231 3115 cattolica
1260 3067 1322 3115 ed
1356 3066 1631 3126 apostolica
1661 3066 1858 3127 Chiesa,
1883 3079 1907 3114 e
1929 3077 1961 3114 a
1983 3066 2052 3113 lei
2073 3065 2211 3113 diede
2230 3067 2358 3115 butte

453 3141 497 3187 le
505 3139 707 3201 facoltct
726 3140 995 3188 necessarie
1015 3151 1048 3188 a
1059 3151 1355 3200 preservare
1378 3141 1566 3200 inteyro
1587 3139 1646 3188 ed
1667 3139 1902 3188 inviolato
1925 3139 1966 3187 il
1989 3139 2202 3199 deposito
2223 3139 2359 3188 della

440 3214 580 3276 fede,
623 3227 650 3261 e
688 3227 778 3273 per
821 3215 1146 3262 tramandare
1190 3216 1240 3261 la
1286 3215 1445 3263 stessa
1490 3215 1601 3263 fede
1632 3227 1664 3262 a
1693 3214 1818 3261 tutti
1849 3214 1868 3260 i
1899 3213 2067 3272 popoli
2097 3226 2124 3260 e
2156 3212 2296 3260 tribu
2325 3227 2353 3261 e

452 3287 682 3347 nazioni;
715 3304 737 3330 »
774 3288 867 3336 Noi
897 3290 1146 3336 volemmo
1178 3289 1473 3348 significare
1506 3289 1598 3337 che
1627 3289 1664 3335 11
1695 3287 1930 3347 primate,
1962 3286 2109 3334 tanto
2130 3286 2182 3333 di
2202 3299 2357 3336 onore

455 3362 649 3421 quanto
695 3361 747 3408 di
792 3362 1175 3422 giurisdizione,
1223 3363 1466 3412 conferito
1512 3376 1543 3410 a
1588 3361 1754 3411 Pietro
1800 3374 1827 3409 e
1875 3362 1923 3408 a'
1943 3361 2054 3408 suoi
2083 3362 2359 3409 successori

367 3470 369 3475 .
455 3435 538 3483 dal
568 3435 851 3484 Fondatore
882 3437 1012 3486 della
1041 3436 1237 3497 chiesa,
1279 3437 1307 3485 e
1347 3438 1490 3496 posto
1524 3435 1679 3498 fuori
1717 3435 1797 3484 del
1831 3435 2035 3484 cimento
2066 3434 2121 3482 di
2150 3445 2252 3482 una
2281 3433 2356 3483 di-

451 3509 615 3570 sputa.
664 3510 848 3586 Questo
878 3511 933 3558 in
962 3511 1077 3584 fatti
1109 3511 1136 3560 e
1165 3512 1201 3558 11
1231 3523 1407 3571 perne,
1440 3511 1644 3562 intorno
1676 3524 1708 3559 a
1741 3510 1826 3558 cui
1857 3508 2095 3572 s’aggira
2140 3507 2279 3587 tutta
2305 3509 2357 3576 la
