2488 4290
217 397 301 450 ope
355 379 520 435 divina
565 398 823 450 puqnare:
877 378 965 434 sed
1026 396 1118 447 quo
1176 383 1371 433 tandem
1416 396 1514 447 per
1551 373 1793 434 victorias
1831 382 2100 447 ducereris,

215 480 379 525 omnes
418 474 735 538 iynorarunt.
780 471 1042 540 Sapientia
1074 472 1233 537 leyum
1270 475 1474 522 tuarum
1501 474 1773 537 perspecta
1802 469 1921 533 fuit
1958 470 2108 521 omni-

215 558 301 609 bus
329 559 562 626 populis‚·
602 559 690 610 sed
724 558 852 610 unde
890 559 1048 610 lumen
1082 558 1215 609 illud
1250 556 1524 624 sapientiae
1564 556 1656 607 tibi
1693 556 1969 621 derivaret,
2012 570 2110 619 qua

215 644 274 695 de
328 658 480 695 eausa
534 646 669 695 inter
724 651 920 695 ceteras
973 644 1143 694 mundi
1190 643 1415 694 nationes
1443 642 1739 708 praeelecta
1776 655 1920 703 esses,
1964 646 2023 692 ut
2058 642 2110 691 in

70 729 75 733 ’
148 747 150 749 ·
218 729 433 782 omnibus
462 730 634 793 ferme
661 730 882 796 populis,
929 735 978 780 et
1017 730 1176 781 armis
1215 734 1263 780 et
1301 728 1506 794 lembus,
1538 728 1886 791 dominareris,
1929 728 2110 778 nescie-

215 815 316 866 bas.
391 814 530 867 Unde
585 816 811 881 oontiyit,
874 820 933 867 ut
975 821 1095 882 post
1147 819 1223 866 tot
1262 818 1527 879 tantasque
1554 817 1747 881 partas
1782 813 2025 865 victorias
2062 812 2114 862 in

213 902 440 952 vanitate
478 915 650 952 sensus
690 902 766 952 tui
803 902 1156 966 conquiescens,
1200 901 1448 966 mayistra
1487 901 1705 951 evaseris
1743 900 1953 950 erroris.

299 986 557 1039 Vinculum
594 987 790 1051 quidem
825 988 1108 1054 imposuisti
1133 987 1352 1054 populis,
1398 991 1457 1038 ut
1505 1000 1664 1037 omnes
1703 985 1794 1036 tibi
1830 985 2111 1037 coniunctos

214 1074 460 1123 retineres
496 1074 549 1122 in
583 1073 829 1123 unitatem
865 1074 1066 1123 externi
1101 1072 1342 1126 nominis:
1384 1073 1514 1135 quod
1549 1076 1599 1123 et
1636 1071 1788 1123 stulti
1824 1070 1969 1122 liuius
2005 1085 2115 1121 sae-

220 1158 336 1221 culi,
381 1159 670 1224 iynorantes
709 1158 906 1209 divinae
934 1158 1283 1224 providentiae
1326 1158 1580 1223 tramites,
1620 1157 1672 1208 in
1707 1158 1796 1208 hoo
1834 1160 1883 1208 te
1917 1155 2116 1206 imitari

218 1244 486 1310 affectant,
532 1245 678 1307 quasi
716 1245 836 1295 liaeo
872 1245 942 1294 sit
979 1260 1100 1295 vera
1135 1245 1390 1295 nationum
1421 1244 1621 1309 qloria:
1678 1249 1818 1306 teque
1854 1245 2113 1310 appetunt,

214 1330 270 1379 id
306 1344 358 1380 se
393 1334 723 1381 renovaturos
759 1334 1035 1396 sperantes,
1081 1330 1211 1394 quod
1236 1330 1352 1380 dum
1378 1330 1603 1396 parvula
1629 1343 1777 1396 esses,
1805 1330 1858 1378 in
1885 1332 1933 1379 te
1959 1327 2116 1379 admi-

219 1419 424 1466 rantur.

288 1499 465 1562 Aliud,
523 1501 667 1553 aliud
710 1502 953 1568 profecto
1007 1506 1137 1564 erat,
1194 1502 1325 1565 quod
1361 1502 1419 1552 de
1458 1506 1506 1552 te
1535 1502 1995 1567 praecoyitaverat‚
2036 1500 2120 1563 qui

218 1586 355 1638 dives
391 1590 467 1638 est
502 1591 556 1638 in
592 1586 807 1638 omnibus
844 1587 997 1649 Deus,
1042 1587 1219 1651 quique
1250 1592 1424 1652 ¹qentes
1461 1588 1513 1639 in
1541 1591 1696 1659 terra
1734 1586 1947 1651 diriyit:
1984 1586 2036 1635 in
2068 1589 2117 1636 te

218 1673 343 1722 enim
395 1687 567 1724 earum
623 1673 782 1738 leymn
830 1674 1132 1735 auotoritas,
1190 1673 1328 1724 illud
1366 1673 1499 1736 fidei
1553 1673 1898 1737 mayisterium
1938 1671 2120 1722 consti-

219 1757 452 1809 tuendum
475 1762 608 1823 erat,
639 1759 769 1821 quod
793 1773 953 1809 omnes
990 1759 1314 1825 eoniunyeretl
1347 1774 1455 1810 oum
1480 1758 1585 1809 Deo
1611 1758 1844 1822 nomine3‚
1873 1761 1933 1806 ut
1960 1769 2120 1806 omnes

220 1843 433 1895 homines
469 1859 591 1895 vera
629 1845 826 1898 unitate
861 1845 996 1895 inter
1046 1859 1098 1895 se
1148 1845 1577 1910 ooniunyerentur.
1640 1845 1831 1895 Beatus
1886 1840 2120 1908 populus

223 1930 377 1980 cuius
415 1931 677 1981 Dominus
715 1930 855 1982 Deus
894 1927 1032 1984 eius!

289 2016 429 2066 Leva
485 2030 636 2067 nuno
687 2017 747 2066 in
808 2017 1040 2068 circuitu
1097 2015 1285 2068 oculos
1324 2023 1441 2068 tuos
1480 2024 1533 2069 et
1570 2018 1720 2069 vide:
1784 2029 1973 2067 omnes
2024 2013 2115 2063 isti

227 2102 536 2166 congregati
574 2108 718 2164 sunt,
763 2109 1032 2165 venerunt
1073 2104 1186 2165 tihi,
1222 2119 1320 2169 pro
1358 2102 1531 2167 quibus
1556 2103 1687 2169 fidei
1713 2106 1892 2153 auctor
1918 2104 1967 2151 et
1998 2098 2121 2150 Con-

225 2191 503 2238 summator
539 2187 905 2238 instantissime
943 2189 1124 2251 oravit,
1172 2197 1235 2239 ut
1271 2204 1461 2240 omnes
1519 2204 1692 2239 unum
1750 2190 1838 2252 sit,
1885 2188 2024 2238 sicut
2063 2192 2122 2235 tu

226 2274 382 2323 Pater
429 2274 486 2323 in
541 2288 628 2324 me
679 2281 733 2326 et
782 2287 882 2338 ego
922 2276 979 2325 in
1022 2282 1087 2336 te,
1137 2282 1193 2325 ut
1231 2282 1284 2326 et
1321 2276 1424 2341 ipsi
1464 2276 1520 2325 in
1568 2275 1727 2326 nohis
1779 2289 1951 2324 unum
1989 2273 2115 2331 sint,

223 2362 373 2421 atque
410 2373 468 2410 ea
505 2359 565 2410 de
602 2375 756 2411 causa
793 2364 851 2411 ut
886 2360 1094 2411 mundus
1150 2361 1377 2412 erederet
1431 2362 1654 2412 missioni
1705 2361 1838 2412 Filii
1892 2362 2003 2422 Dei,
2062 2369 2123 2410 ut

223 2444 407 2495 credat
444 2446 711 2512 munduS,
754 2449 886 2512 quia
925 2454 986 2497 tu
1025 2463 1113 2499 me
1154 2448 1367 2498 misisti.

299 2528 471 2581 Omnes
505 2531 632 2583 istos
667 2533 720 2582 in
754 2533 866 2583 sinu
904 2536 988 2583 tuo
1027 2538 1352 2598 eonyreyatos
1396 2534 1498 2585 iam
1535 2535 1668 2586 alias
1704 2535 1881 2585 vidisti
1917 2533 2112 2586 vinculo

222 2616 531 2696 charitatis·
555 2618 699 2669 hodie
737 2622 903 2669 autem
940 2619 1130 2670 eosdem
1169 2618 1527 2686 amplioresque
1551 2621 1687 2671 vides
1711 2621 1905 2672 iunctos
1930 2620 2122 2672 vinculo

210 2703 341 2768 fidei
377 2703 463 2754 sub
501 2706 554 2754 eo
594 2704 729 2767 duee,
775 2706 859 2768 qui
898 2705 1059 2757 locum
1095 2709 1316 2757 veterum
1355 2697 1555 2758 tuorum
1598 2706 1871 2759 Caesarum
1903 2707 2123 2773 ,oloriose

227 2794 454 2855 occupat.

293 2874 410 2926 Non
446 2875 638 2938 quidem
661 2876 891 2939 militum,
926 2879 1159 2941 equitum,
1187 2894 1442 2932 armorum
1469 2887 1818 2945 scutorumque
1848 2881 2121 2946 frayorem

223 2961 368 3012 audis
386 2965 444 3011 ut
464 2962 594 3024 olim,
620 2962 708 3012 sed
728 2961 1005 3014 Pastorum
1017 2965 1319 3032 populorum
1338 2968 1547 3019 omnium
1565 2983 1739 3031 vocem,
1770 2968 1910 3033 lonqe
1924 2967 2125 3034 firmio-

226 3062 331 3097 rem
355 3061 501 3110 quam
521 3061 666 3098 arma
680 3054 727 3098 et
752 3052 913 3111 scuta,
936 3050 1278 3118 profitentem,
1316 3054 1702 3119 confirmantem,
1746 3057 2006 3116 voventem,
2051 3053 2126 3102 in-

224 3137 420 3183 rantem
453 3147 601 3183 unam
624 3133 796 3199 fidem,
840 3149 964 3197 quae
1000 3137 1227 3188 mundum
1263 3139 1432 3203 vineit,
1480 3140 1621 3191 euius
1653 3140 1787 3207 fidei
1821 3139 2122 3203 mayistrum

226 3232 335 3269 oum
372 3222 420 3269 te
446 3221 693 3285 perpetuo
732 3219 1026 3285 oolliyatum
1058 3224 1386 3290 profitentur.

295 3303 371 3356 At
405 3319 499 3355 non
534 3307 697 3363 satis:
733 3306 890 3358 multo
926 3308 1122 3360 maiora
1149 3311 1363 3362 videbis:
1399 3327 1609 3377 namque
1636 3312 1738 3363 filii
1770 3313 1846 3363 tui
1875 3312 1940 3363 de
1966 3309 2128 3375 longe

226 3390 444 3442 venient
479 3397 534 3442 et
568 3389 712 3444 filiae
752 3399 874 3445 tuae
911 3394 978 3445 de
1015 3393 1184 3449 latere
1223 3404 1467 3463 surgent.
1515 3399 1670 3451 Tunc
1702 3399 1912 3451 videbis
1954 3402 2008 3450 et
2045 3398 2122 3448 as-

228 3474 378 3541 ssueS‚
423 3481 476 3529 et
511 3477 803 3530 mirabitur
839 3484 890 3530 et
926 3477 1250 3534 dilatabitur
1277 3499 1370 3535 eor
1409 3491 1565 3536 tuum
1607 3485 1824 3551 quando
1866 3497 2128 3536 conversa
