2488 4290
1086 492 1238 586 IX.

213 686 628 748 LETTERE
685 684 1325 784 APOSTOLICHE
1371 680 1475 746 del
1522 685 1578 746 S.
1629 681 1827 746 Padre
1875 683 1980 745 Pio
2027 685 2123 759 IX,

297 796 461 861 colle
507 797 679 883 quali
724 797 778 860 si
809 797 1128 862 stabilisce
1160 795 1433 860 l’ordine
1465 795 1762 881 generale
1801 794 1880 859 da
1922 815 2129 859 osser-

296 911 463 976 varsi
495 910 665 975 nella
705 910 1142 976 celebrazione
1189 904 1294 974 del
1339 913 1706 975 sacrosanto
1751 910 2127 974 ecumenico

296 1025 584 1090 Concilio
629 1026 943 1091 Vaticano,

948 1340 1090 1392 PIUS
1130 1341 1287 1392 PAPA
1325 1341 1396 1392 IX

620 1518 705 1554 ’AD
767 1518 1096 1555 FUTURAM
1157 1518 1272 1554 REI
1338 1517 1717 1556 MEMORIAM.

283 1687 609 1756 Multiplices
646 1690 809 1755 inter,
849 1692 1051 1755 quibus
1091 1691 1411 1744 divexamur
1437 1692 1736 1756 angustiae,
1783 1691 1851 1741 ad
1890 1688 2122 1743 Divinae

218 1773 562 1839 Clementiae,
608 1775 753 1835 Quae
791 1780 1071 1829 consolatur
1095 1778 1189 1829 Nos
1227 1780 1283 1830 in
1320 1781 1460 1830 omni
1496 1778 1815 1829 tribulatione
1838 1786 2009 1829 nostra
2035 1774 2123 1846 (1),

219 1861 415 1926 gratias
471 1860 861 1929 persolvendas
912 1864 1149 1915 maxime
1207 1864 1539 1929 excitamur,
1599 1878 1707 1929 qua
1758 1863 2125 1933 propitiante,

221 1947 366 2000 illud
404 1947 653 2000 celeriter
688 1948 853 2001 Nobis
891 1950 1194 2015 continget,
1238 1955 1299 1999 ut
1337 1955 1751 2002 sacrosanctum
1791 1948 2043 2013 generale
2083 1954 2137 1999 et

221 2034 644 2086 oecumenicum
683 2033 997 2086 Concilium
1035 2033 1366 2087 Vaticanum
1406 2035 1518 2085 iam
1555 2049 1587 2085 a
1622 2034 1805 2099 Nobis,
1847 2036 1918 2085 Ea
1957 2034 2136 2101 adspi-

219 2126 375 2170 rante
425 2121 718 2184 indictum,
775 2120 1015 2172 feliciter
1066 2122 1435 2188 auspicemur.
1496 2119 1775 2172 Gaudium
1832 2126 2018 2173 autem
2076 2124 2136 2172 in

221 2205 456 2257 Domino
496 2207 619 2257 iure
659 2207 1047 2273 praecipimus,
1093 2207 1244 2272 quod
1281 2205 1547 2258 salutares
1598 2206 1835 2257 Concilii
1891 2206 2139 2259 eiusdem

222 2297 522 2343 conventus
559 2291 798 2344 solemni
840 2292 932 2344 die
970 2290 1358 2345 Immaculatae
1398 2292 1495 2343 Dei
1535 2292 1713 2345 Matris
1751 2293 1950 2346 Mariae
1991 2306 2136 2355 sem-

940 2589 1045 2640 PIO
1093 2593 1265 2640 PAPA
1311 2594 1383 2640 IX

694 2737 731 2772 A
762 2730 972 2774 FUTURA
1005 2736 1254 2775 MEMORIA
1288 2737 1459 2773 DELLA
1491 2734 1643 2775 cosA.

281 2850 377 2903 Tra
405 2855 452 2903 le
482 2855 756 2918 molteplici
787 2857 1030 2916 angustie
1061 2857 1153 2906 che
1174 2857 1232 2904 Oi
1255 2856 1561 2918 affliggono‚
1585 2857 1745 2905 siamo
1767 2854 2135 2905 sommamente

223 2930 423 2977 eccitati
453 2942 485 2975 a
515 2931 727 2978 rendere
761 2932 933 2990 grazie
965 2933 1066 2979 alla
1096 2932 1274 2980 divina
1305 2932 1590 2993 Clemenza‚
1624 2932 1716 2979 che
1749 2933 1795 2979 ci
1827 2933 2031 2980 consola
2077 2933 2133 2978 in

225 3006 351 3063 ogni
367 3004 550 3051 Nostra
565 3005 912 3066 tribolazione‚
927 3008 1126 3055 mentre
1148 3021 1238 3066 per
1259 3020 1351 3054 suo
1372 3007 1618 3056 benefizio
1635 3007 1692 3053 Oi
1710 3007 1925 3055 accadra
1941 3007 2136 3068 quanto

222 3079 388 3138 prima
420 3079 470 3125 di
500 3079 643 3138 poter
674 3080 991 3129 felicemente
1023 3082 1190 3140 api-ire
1230 3082 1268 3129 il
1313 3083 1608 3130 sacrosanto
1650 3084 1890 3142 generale
1921 3083 1985 3130 ed
2020 3093 2136 3130 ecu-

225 3153 424 3200 menico
455 3152 679 3200 Concilio
710 3154 977 3215 VaticanO,
1017 3156 1110 3204 che
1153 3169 1399 3206 avevamo
1441 3157 1531 3216 gia
1570 3159 1661 3216 p'er
1704 3170 1798 3204 sua
1837 3157 2138 3215 ispirazione

223 3227 476 3274 intimato.
511 3228 757 3274 Godiamo
788 3229 873 3287 poi
906 3230 1263 3280 meritamente
1294 3233 1379 3280 nel
1412 3231 1658 3291 Signore,
1702 3231 1888 3295 perche
1931 3231 2137 3278 daremo

224 3301 474 3361 principio
507 3302 602 3350 alle
637 3303 854 3351 salutari
885 3306 1289 3365 congregazioni
1327 3307 1456 3355 dello
1498 3307 1657 3354 stesso
1698 3305 1922 3354 Concilio
1963 3306 2047 3352 nel
2089 3305 2142 3351 dl

226 3375 452 3436 solenne,
486 3388 629 3426 sacro
663 3378 762 3425 alla
794 3377 1107 3429 Concezione
1138 3381 1190 3428 di
1223 3381 1382 3432 Maria
1412 3381 1736 3431 immacolata
1765 3380 1937 3430 Madre
1970 3379 2021 3426 di
2051 3378 2144 3426 Dio

1520 3503 1536 3557 l

289 3594 350 3658 (1)
384 3596 452 3657 11,
486 3596 735 3658 corinth„
767 3597 809 3658 1,
841 3599 886 3646 4.
