2488 4290
2061 348 2147 402 331

217 466 403 520 ‘dibus
440 463 699 518 suscitare
736 462 882 515 filios
918 462 1166 515 Abrahae
1189 501 1204 526 ,
1273 459 1328 511 in
1392 457 1708 512 humilitate
1748 460 1931 511 cordis
1973 459 2149 511 nostri
2208 459 2225 478 '

209 577 214 583 ·
245 550 658 606 ferventissimis
713 550 964 617 precibus
1012 548 1386 601 indesinenter
1424 561 1578 598 orare
1618 551 1672 597 et
1708 546 2026 611 obsecrare,
2092 552 2151 596 ut

248 654 341 707 per
379 638 572 690 merita
608 635 889 702 Unigeniti
942 633 1063 686 Filii
1118 634 1205 685 sui
1261 632 1482 685 Domini
1541 631 1720 685 Nostri
1778 630 1898 682 Iesu
1951 631 2149 683 Christi

219 726 377 779 -velit
414 724 746 776 christianae
803 729 856 774 et
911 719 1060 774 civili
1115 716 1453 786 reipublicae
1489 716 1831 770 auxiliariam
1872 716 2150 783 porrigere

247 814 537 874 dexteram,
583 824 877 876 omnesque
916 808 1227 875 disperdere
1267 821 1471 858 errores
1511 811 1563 856 et
1601 804 1930 871 impietateS‚
1975 818 2037 854 ac
2076 803 2153 854 di-

247 900 404 951 vinae
443 912 572 950 suae
613 897 821 963 gratiae
859 894 1132 946 luminem
1174 893 1426 944 omnium
1454 891 1764 944 errantium
1791 896 2001 941 mentes
2025 887 2157 940 illu·

246 991 438 1051 strare,
480 983 713 1051 illosque
753 983 823 1035 ad
861 997 916 1034 se
955 987 1267 1033 convertere
1308 986 1361 1031 et
1417 991 1708 1044 revocare;
1774 991 1883 1042 quo
1922 973 2157 1028 Ecclesia

249 1090 348 1128 sua
366 1079 572 1126 -xsancta
611 1070 1007 1138 optatissimam
1048 1074 1365 1134 assequatur
1402 1080 1615 1134 pacem,
1659 1071 1712 1116 et
1750 1063 1954 1128 ubique
1995 1068 2156 1113 terra-

250 1175 370 1213 rum
412 1159 621 1210 maiora
657 1159 715 1209 in
757 1156 876 1208 dies
894 1146 1249 1208 'incrementa
1274 1154 1552 1219 suscipiat,
1599 1166 1661 1203 ac
1697 1164 1949 1218 prospere
1976 1150 2158 1215 vigeat

251 1255 302 1300 et
339 1231 674 1298 efflorescat*
716 1243 781 1294 Ut
817 1249 1001 1295 autem
1041 1255 1179 1307 quae
1219 1241 1459 1308 petimus
1499 1246 1552 1290 et
1588 1237 1908 1306 quaerimus
1945 1234 2157 1287 facilius

250 1332 512 1399 consequi
548 1331 835 1398 possimus,
881 1345 951 1380 ne
989 1341 1267 1381 cessemus
1305 1325 1566 1377 adhihere
1606 1324 1852 1391 primum
1906 1322 2160 1390 depreca-

255 1420 445 1473 tricem
481 1418 626 1486 apud
667 1418 841 1469 Deum
867 1412 1280 1467 Immaculatam
1316 1411 1832 1476 Sanctissimamque
1872 1410 2159 1475 Deiparam

253 1507 530 1574 Virginem
567 1505 824 1567 Mariam,
890 1518 1031 1570 quae
1086 1499 1600 1553 misericordissima
1657 1505 1710 1548 et
1773 1496 2162 1548 amantissima
2221 1519 2225 1523 ·

253 1600 505 1647 nostrum
543 1591 796 1644 omnium
835 1595 1011 1646 mater
1049 1594 1275 1640 cunctas
1313 1601 1531 1652 semper
1569 1583 1857 1636 interemit
1892 1581 2155 1645 haereses

255 1686 309 1734 et
344 1679 500 1732 cuius
536 1675 759 1729 nullum
797 1676 945 1743 apud
987 1675 1158 1727 Deum
1208 1672 1546 1741 praesentius
1584 1668 1969 1738 patrocinium.
2014 1667 2163 1719 Peta-

257 1781 381 1820 mus
415 1780 637 1832 quoque
675 1763 936 1830 suffragia
1000 1769 1117 1814 tum
1174 1760 1347 1813 sancti
1407 1757 1653 1810 eiusdem
1692 1754 1932 1820 Virginis
1970 1754 2163 1821 Sponsi

257 1851 493 1919 Iosephi,
525 1856 644 1903 tum
664 1855 980 1903 sanctorum
1006 1845 1390 1915 Apostolorum
1415 1844 1555 1897 Petri
1583 1849 1635 1896 et
1659 1840 1870 1910 Paulli,
1890 1842 2166 1893 omnium·

257 1933 364 2007 que
402 1937 685 2004 coelitum,
729 1942 784 1988 et
808 1934 1038 1987 illorum
1062 1933 1404 2001 praesertim,
1450 1946 1589 1998 quos
1629 1943 1805 1999 nuper
1841 1927 2165 1982 Sanctorum

258 2024 409 2077 fastis
449 2024 751 2091 adscriptos
792 2020 1024 2074 colimus
1066 2026 1117 2072 et
1153 2033 1494 2073 veneramur.

745 2198 807 2205 .-

259 2328 485 2388 tenebre,
518 2327 581 2375 ed
611 2326 639 2374 e
668 2325 876 2386 potente
908 2337 939 2372 a
970 2324 1188 2372 suscitar
1222 2324 1352 2371 dalle
1383 2323 1544 2382 pietre
1566 2322 1583 2367 i
1605 2321 1825 2380 figliuoli
1847 2322 1898 2368 di
1933 2322 2170 2379 AbramO,

261 2401 541 2463 acciocche,
573 2401 656 2462 pei
686 2400 857 2449 meriti
890 2398 1294 2459 dell'Unigenito
1342 2397 1566 2457 Figliuol
1597 2409 1690 2444 suo
1721 2409 1748 2444 e
1781 2396 1971 2456 Signor
2004 2397 2174 2444 nostro

206 2539 211 2541 α
261 2476 399 2527 Gesu
428 2476 609 2537 criste,
638 2475 815 2539 voglia
843 2486 1062 2535 porgere
1093 2473 1442 2521 l’ausiliatrice
1474 2485 1568 2519 sua
1600 2472 1771 2520 destra
1801 2472 1901 2518 alla
1933 2470 2174 2519 cristiana

261 2567 288 2602 e
319 2552 469 2601 civile
498 2550 835 2612 Repubblica,
870 2562 897 2598 e
928 2549 1233 2609 disperdere,
1248 2548 1373 2596 tutti
1404 2548 1481 2607 gli
1511 2547 1669 2598 errori
1701 2547 1763 2594 ed
1785 2545 2019 2606 empieta‚
2053 2559 2080 2594 e
2100 2548 2175 2594 col

262 2631 399 2676 lume
439 2627 571 2675 della
616 2638 709 2674 sua
754 2625 931 2686 grazia
971 2624 1228 2672 illustrare
1259 2625 1306 2670 le
1336 2623 1501 2671 menti
1535 2623 1586 2670 di
1616 2622 1742 2670 tutti
1795 2622 1871 2681 gli
1903 2621 2116 2681 erranti,
2148 2635 2176 2669 e

263 2701 431 2764 questi
462 2701 611 2749 stessi
641 2700 929 2749 convertire
960 2712 987 2747 e
1019 2711 1050 2746 a
1080 2697 1134 2746 se
1171 2698 1506 2759 richiamare3
1559 2697 1728 2745 sicche
1778 2698 1828 2743 la
1875 2708 1970 2743 sua
2017 2695 2176 2743 Senta

263 2775 447 2825 Ohiesa
487 2787 751 2835 consegua
790 2775 842 2822 la
887 2772 1316 2822 desideratissima
1361 2785 1486 2832 pace
1533 2785 1560 2821 e
1605 2772 1662 2818 in
1707 2771 1834 2831 ogni
1864 2764 2009 2830 parte
2042 2771 2173 2819 della

264 2854 400 2900 terra
428 2850 600 2899 riceva
630 2850 758 2910 ogni
790 2848 842 2896 di
872 2848 1135 2908 maggiori
1185 2848 1493 2896 incrementi
1523 2860 1550 2895 e
1582 2849 1998 2907 prosperamente
2031 2846 2173 2906 vigo·

264 2927 420 2988 reg-gi
448 2938 477 2974 e
506 2925 723 2974 fiorisca.
756 2923 991 2973 Affinche
1010 2924 1096 2984 poi
1115 2922 1207 2984 piu
1226 2923 1518 2971 facilmente
1548 2923 1802 2983 possiamo
1836 2921 2110 2982 impetrare
2130 2922 2176 2969 le

266 3013 380 3051 cose
409 3001 503 3050 che
533 3000 908 3060 domandiamo‚
942 3012 1049 3048 non
1081 2999 1325 3048 cessiamo
1374 2998 1715 3058 d’interporre
1761 2998 2175 3058 primieramente

267 3090 408 3127 come
439 3076 688 3126 avvocata
716 3087 889 3136 presso
917 3075 1030 3136 Dic,
1062 3075 1434 3123 l’Immacoiata
1464 3088 1491 3123 e
1523 3074 1827 3122 santissima
1868 3086 1962 3120 sua
2004 3073 2176 3120 Madre

266 3154 318 3202 la
344 3153 574 3213 vergine
592 3151 772 3209 Maria,
804 3152 856 3198 la
887 3151 1055 3211 quale,
1094 3162 1236 3199 come
1267 3149 1812 3198 misericordiosissima
1843 3149 1905 3196 ed
1937 3147 2178 3195 amantis·

269 3227 400 3276 sima
425 3225 601 3275 madre
634 3226 686 3273 di
713 3224 841 3274 tutti
870 3224 975 3286 noi,
1009 3217 1190 3284 spense
1219 3217 1418 3284 sempre
1448 3223 1552 3271 mai
1574 3223 1702 3283 ogni
1722 3222 1900 3282 eresia,
1923 3233 1951 3269 e
1983 3221 2063 3269 del
2093 3222 2175 3268 cui

269 3300 552 3362 patrocinio
582 3300 756 3348 niente
787 3299 834 3348 ci
863 3299 932 3347 ha
961 3298 1052 3359 piu
1083 3299 1284 3348 efficace
1314 3311 1487 3359 presso
1517 3299 1628 3346 Dio.
1663 3297 1957 3345 Ghiediamo
1989 3307 2177 3343 ancora

270 3375 307 3423 il
337 3375 587 3435 suffragio
618 3374 661 3423 si
691 3375 771 3424 del
801 3377 950 3423 santo
982 3374 1140 3435 Sposo
1170 3375 1223 3423 di
1254 3386 1364 3423 essa
1394 3374 1639 3435 vergine,
1673 3372 1951 3432 Giuseppe,
1974 3384 2001 3419 e
2033 3369 2074 3417 si
2096 3371 2176 3418 dei

273 3449 360 3498 SS.
393 3451 621 3510 Apostoli
649 3451 816 3499 Pietro
845 3463 874 3498 e
903 3441 1082 3511 Ρο010,’
1105 3462 1210 3498 11011
1242 3449 1335 3499 che
1367 3449 1418 3497 di
1450 3449 1574 3497 tutti
1605 3449 1623 3495 i
1653 3446 1853 3506 Celesti,
1877 3458 1904 3494 e
1937 3445 1988 3492 di
2020 3444 2174 3504 quelli

273 3523 662 3607 segnatamente
702 3524 795 3574 che
827 3524 957 3573 teste
988 3523 1181 3583 ascritti
1215 3524 1261 3572 al
1294 3535 1485 3572 novero
1516 3523 1594 3569 dei
1628 3522 1771 3569 Santi
1816 3519 2116 3567 celebriamo
2147 3532 2174 3577 e

275 3608 580 3647 veneriamo.
