2488 4290
2124 329 2175 393 ‘n

253 472 487 532 persona
554 447 694 514 Petri
751 446 1135 512 Successorem
1192 462 1247 508 et
1303 454 1502 507 Christi
1562 455 1619 505 in
1686 452 1840 505 terris
1896 451 2179 504 vicarium

257 544 652 604 revereantur?
686 546 797 599 Hac
833 559 1032 612 nempe
1070 542 1401 596 auctoritate
1441 537 1679 606 exempli
1723 537 1887 604 longe
1928 537 2167 602 meliuS,

251 651 416 702 quam
453 631 728 685 subtiliori
764 631 1013 697 qualibet
1033 628 1287 681 doctrina
1313 631 1628 693 agnoscent,
1657 638 1769 691 qua
1792 624 2176 687 veneratione,

255 720 571 774 obedientia
627 724 679 770 et
738 717 1006 784 obsequio
1065 730 1190 781 erga
1244 729 1346 764 nos
1406 713 1489 764 uti
1547 711 1817 774 debeant;
1861 708 2063 774 quibus
2121 709 2180 758 in

255 820 485 873 persona
524 804 670 856 Petri
710 820 742 855 a
779 803 993 854 Christo
1030 801 1267 852 Domino
1307 799 1521 850 dictum
1574 802 1688 849 est:
1747 818 1765 840 ιι
1795 794 1957 845 Pasce
2010 807 2180 857 agnos

258 906 428 953 mem,
474 905 629 957 pasce
668 904 794 941 oves
831 903 1006 954 meas;
1051 910 1069 932 n
1123 887 1304 952 iisque
1343 884 1528 936 verbis
1567 896 1829 949 suprema
1865 878 2181 931 sollicitudo

254 991 318 1028 ac
354 982 595 1044 potestas
635 977 694 1027 in
733 976 1050 1028 universam
1090 971 1386 1024 Ecclesiam
1439 969 1671 1022 credita'
1701 972 1782 1020 est
1832 972 1995 1032 atque
2037 980 2184 1016 com-

258 1063 439 1115 missa.
1929 1119 1936 1125 ἢ

325 1148 470 1209 Quin
509 1149 677 1200 etiam
732 1163 828 1199 vos
881 1146 1026 1213 ipsi,
1068 1143 1425 1199 venerabiles
1459 1144 1670 1194 Fratres
1700 1179 1716 1206 ‚
1765 1156 1860 1192 vos
1916 1140 1974 1191 in
2030 1153 2182 1190 sacro

255 1241 431 1287 vestro
470 1234 776 1286 ministerio
817 1232 1092 1297 obeundO,
1136 1247 1200 1282 ex
1237 1231 1345 1282 hac
1382 1245 1508 1295 erga
1565 1226 1941 1294 apostolicam
1982 1224 2183 1276 Sedem

260 1321 607 1373 observantia
644 1319 919 1384 insignem
957 1318 1198 1370 fructum
1237 1317 1406 1368 laturi
1431 1316 1573 1367 estis,
1621 1314 1750 1374 Quo
1792 1313 1946 1364 enim
1973 1311 2186 1362 maiora

260 1423 355 1459 vos
414 1404 835 1458 necessitudinis
893 1403 1023 1455 fidei
1080 1404 1396 1469 amorisque
1451 1401 1675 1453 vincula
1723 1415 1853 1452 cum
1913 1396 2181 1462 angulari

260 1494 399 1559 petri
461 1491 683 1558 mystici
740 1490 981 1542 aedificii
1039 1490 1423 1554 devinxerint,
1484 1504 1547 1541 eo
1606 1487 1784 1552 magis
1843 1485 2053 1549 etiam,
2099 1483 2181 1532 uti

258 1578 511 1630 omnium
550 1576 820 1628 Ecclesiae
861 1582 1178 1642 temporum
1229 1575 1503 1626 memoria
1557 1574 1751 1638 docet,
1795 1586 1920 1623 eam
1959 1568 2182 1621 fortitu-

259 1663 447 1715 dinem
485 1663 800 1714 induemini
839 1678 902 1714 ac
938 1662 1124 1725 robur,
1168 1661 1317 1727 quod
1355 1662 1423 1713 ab
1460 1658 1837 1726 amplitudine
1876 1654 2179 1707 ministerii

260 1749 425 1800 vestri
465 1755 654 1800 contra
692 1747 922 1799 hostiles
962 1748 1222 1813 impetuS‚
1266 1753 1320 1798 et
1359 1746 1718 1798 adversitates
1764 1757 1952 1794 rerum
1991 1748 2185 1807 postu-

261 1831 426 1886 latur.
492 1832 633 1894 Quid
690 1833 843 1884 enim
901 1832 1056 1884 aliud
1113 1832 1362 1884 Christus
1399 1832 1667 1882 Dominus
1724 1827 1967 1893 intelligi
2005 1826 2184 1878 voluit

260 1935 385 1971 cum
440 1909 658 1971 Petrum
701 1919 941 1971 tuendae
994 1918 1228 1970 fratrum
1290 1918 1539 1968 firmitati
1598 1916 1926 1983 praeficiens
1995 1932 2016 1961 «
2053 1914 2175 1977 Eg0‚

260 2005 466 2072 inquit,
506 2007 695 2071 rogavi
736 2020 836 2072 pro
877 2011 950 2071 te,
994 2010 1056 2055 ut
1093 2020 1209 2056 non
1249 2004 1472 2066 deficiat
1510 2003 1646 2054 fides
1691 2008 1822 2068 tua,
1869 2006 1923 2051 et
1980 2004 2040 2050 tu
2078 1997 2184 2049 ali-

261 2348 298 2398 n
327 2351 622 2400 Successore
653 2350 704 2397 di
737 2349 904 2397 Pietro
934 2348 996 2396 ed
1026 2349 1061 2396 il
1094 2348 1296 2397 Vicario
1327 2349 1378 2396 di
1410 2348 1577 2396 Oristo
1611 2347 1667 2394 in
1701 2344 1877 2395 terra?
1908 2346 2183 2395 Coll'auto-

264 2426 364 2474 rita
394 2426 446 2473 di
475 2438 550 2473 un
580 2426 654 2471 tal
685 2425 905 2484 esempio
938 2436 1318 2472 conosceranno
1349 2424 1397 2470 al
1432 2423 1572 2471 certo
1594 2423 1726 2470 assai
1754 2423 1946 2482 meglio
1967 2422 2061 2470 che
2083 2434 2180 2470 con

266 2500 608 2563 qualsivoglia
640 2496 733 2558 piu
762 2499 929 2546 sottile
961 2499 1188 2546 dottrina
1201 2534 1214 2558 ‚
1249 2500 1370 2559 qual
1403 2499 1737 2547 venerazione
1754 2533 1767 2558 ‚
1801 2497 2110 2545 obhedienza
2156 2509 2184 2544 e

265 2578 528 2624 riverenza
559 2574 792 2621 debbano
838 2586 988 2622 avere
1037 2587 1068 2620 a
1114 2574 1233 2633 Noi;
1260 2586 1291 2620 8
1323 2574 1407 2621 cui
1441 2574 1575 2620 nella
1606 2584 1824 2632 persona
1871 2573 1922 2619 di
1955 2572 2125 2619 Pietro
2157 2571 2185 2618 ὸ

266 2650 400 2698 stato
430 2649 601 2697 detto:
644 2668 665 2692 «
695 2649 839 2696 Pasci
872 2649 891 2694 i
924 2649 1044 2696 miei
1075 2649 1287 2709 agnelli,
1320 2649 1460 2708 pasci
1492 2649 1537 2695 le
1568 2648 1669 2696 mie
1700 2649 1970 2708 pecorelle3
2003 2666 2024 2689 »
2062 2647 2186 2694 colle

267 2724 409 2785 quali
437 2724 610 2783 parole
639 2723 698 2771 fu
731 2723 1015 2771 conceduta
1046 2736 1073 2770 e
1105 2735 1384 2771 commessa
1414 2724 1463 2769 18
1495 2734 1734 2781 suprema
1767 2735 1891 2769 cura
1931 2734 1959 2769 e
1989 2720 2186 2780 potesta

267 2809 416 2858 sopra
443 2799 495 2845 18
525 2797 707 2845 Chiesa
738 2798 1050 2845 universale.

327 2872 431 2920 Che
460 2873 577 2918 anzi
608 2871 771 2920 anche
803 2872 906 2932 voi,
929 2872 1222 2920 Venerabili
1243 2872 1468 2932 Fratelli,
1489 2872 1573 2920 voi
1605 2872 1772 2931 stessi,
1792 2870 2186 2919 nell'esercitare

268 2947 304 2993 il
333 2957 476 2994 sacro
508 2947 679 2994 vostro
709 2946 991 3006 ministero,
1026 2947 1092 2993 da
1124 2946 1306 3007 questa
1335 2958 1639 2994 osservanza
1671 2958 1818 2994 verso
1848 2947 1898 2992 la
1920 2945 2047 2993 Sede
2070 2957 2186 3004 apo-

267 3021 445 3068 stolica
475 3021 640 3068 sarete
670 3032 760 3079 per
792 3020 1022 3070 ricavare
1052 3034 1128 3068 un
1159 3022 1322 3069 frutto
1356 3021 1598 3069 notabile.
1633 3019 1950 3079 Perciocche,
1990 3020 2186 3080 quanto

270 3108 492 3144 saranno
523 3095 786 3155 maggiori
815 3096 834 3141 i
866 3095 1053 3144 vincoli
1085 3095 1382 3155 d'intimita,
1432 3096 1484 3142 di
1531 3096 1642 3143 fede
1688 3108 1716 3142 e
1763 3096 1815 3142 di
1859 3107 2029 3141 amore
2060 3094 2187 3141 colla

270 3170 435 3229 pietra
466 3171 712 3229 ang-olere
744 3170 823 3216 del
855 3170 1054 3218 mistico
1086 3169 1302 3229 edificio,
1334 3171 1481 3217 tanto
1528 3181 1717 3217 ancora
1750 3170 1800 3216 di
1831 3165 1939 3228 piu,
1972 3169 2186 3216 siccome

268 3243 491 3303 insegna
521 3244 572 3291 18
600 3243 880 3293 tradizione
912 3243 963 3290 di
994 3243 1121 3291 tutti
1152 3244 1170 3290 i
1199 3245 1361 3303 tempi
1394 3244 1526 3291 della
1558 3243 1755 3303 Chiesa‚
1774 3244 1938 3291 sarete
1969 3241 2187 3290 rivestiti

271 3315 323 3364 di
352 3318 521 3377 quella
549 3318 766 3366 fortezza
795 3330 823 3365 e
853 3316 1058 3376 vigorla
1078 3318 1171 3366 che
1193 3317 1220 3365 ὸ
1241 3318 1526 3366 necessaria
1543 3317 1887 3377 all'ampiezza
1919 3317 1998 3364 del
2016 3316 2187 3364 vostro

269 3391 532 3440 ministero
562 3393 739 3440 contro
769 3393 997 3451 l'impeto
1028 3392 1107 3439 de'
1132 3392 1319 3440 nemici
1350 3405 1378 3439 e
1409 3393 1458 3439 18
1490 3391 1802 3440 contrariete
1833 3391 1960 3438 delle
1993 3402 2122 3438 cose.
2144 3390 2183 3435 E

270 3464 364 3512 che
408 3465 537 3513 altro
582 3467 711 3514 velle
755 3466 1051 3525 significare
1083 3466 1246 3514 Oristo
1277 3466 1515 3527 Signore,
1566 3466 1774 3526 quando
1821 3466 1904 3512 nel
1949 3475 2186 3523 preporre

271 3539 438 3586 Pietro
468 3552 499 3586 a
528 3540 746 3588 tutelare
775 3541 826 3586 18
855 3541 1101 3587 fermezza
1123 3541 1200 3587 de’
1224 3540 1413 3588 fratelli
1435 3554 1445 3587 :
1479 3558 1500 3583 «
1523 3541 1595 3599 Io,
1619 3541 1695 3599 gli
1718 3540 1866 3595 disse,
1884 3539 1950 3586 ho
1971 3539 2187 3598 pregato

270 3624 359 3673 per
387 3614 456 3675 te,
490 3626 521 3661 8
550 3613 653 3662 fine
684 3614 777 3662 che
808 3627 913 3661 non
945 3626 1119 3673 venga
1161 3627 1311 3662 meno
1351 3615 1402 3662 18
1433 3614 1525 3662 tua
1555 3615 1702 3675 fede3
1735 3627 1763 3662 e
1794 3615 1873 3676 tu,
1909 3625 2015 3660 una
2047 3611 2186 3660 volta
