<?xml version="1.0" encoding="UTF-8"?>
<!DOCTYPE html PUBLIC "-//W3C//DTD XHTML 1.0 Transitional//EN"
    "http://www.w3.org/TR/xhtml1/DTD/xhtml1-transitional.dtd">
<html xmlns="http://www.w3.org/1999/xhtml" xml:lang="en" lang="en">
 <head>
  <title>
</title>
<meta http-equiv="Content-Type" content="text/html;charset=utf-8" />
  <meta name='ocr-system' content='tesseract 3.04.00' />
  <meta name='ocr-capabilities' content='ocr_page ocr_carea ocr_par ocr_line ocrx_word'/>
</head>
<body>
  <div class='ocr_page' id='page_1' title='image "a611569200vatiuoft_0035.png"; bbox 0 0 2488 4290; ppageno 0'>
   <div class='ocr_carea' id='block_1_1' title="bbox 2059 339 2118 386">
    <p class='ocr_par' dir='ltr' id='par_1_1' title="bbox 2059 339 2118 386">
     <span class='ocr_line' id='line_1_1' title="bbox 2059 339 2118 386; baseline 0 0"><span class='ocrx_word' id='word_1_1' title='bbox 2059 339 2118 386; x_wconf 81' lang='lat'>29</span> 
     </span>
    </p>
   </div>
   <div class='ocr_carea' id='block_1_2' title="bbox 216 446 2107 523">
    <p class='ocr_par' dir='ltr' id='par_1_2' title="bbox 216 446 2107 523">
     <span class='ocr_line' id='line_1_2' title="bbox 216 446 2107 523; baseline -0.006 -14"><span class='ocrx_word' id='word_1_2' title='bbox 216 457 460 523; x_wconf 83' lang='lat' dir='ltr'>Magistro</span> <span class='ocrx_word' id='word_1_3' title='bbox 511 465 637 504; x_wconf 89' lang='lat' dir='ltr'>vere</span> <span class='ocrx_word' id='word_1_4' title='bbox 693 447 992 502; x_wconf 83' lang='lat' dir='ltr'>exclamare</span> <span class='ocrx_word' id='word_1_5' title='bbox 1030 446 1233 515; x_wconf 88' lang='lat' dir='ltr'>possis:</span> <span class='ocrx_word' id='word_1_6' title='bbox 1284 446 1436 500; x_wconf 78' lang='lat' dir='ltr'>Omne</span> <span class='ocrx_word' id='word_1_7' title='bbox 1473 447 1605 513; x_wconf 81' lang='lat' dir='ltr'>quod</span> <span class='ocrx_word' id='word_1_8' title='bbox 1643 448 1728 499; x_wconf 87' lang='lat' dir='ltr'>dat</span> <span class='ocrx_word' id='word_1_9' title='bbox 1764 448 1894 499; x_wconf 81' lang='lat' dir='ltr'>mihi</span> <span class='ocrx_word' id='word_1_10' title='bbox 1929 447 2107 511; x_wconf 77' lang='lat' dir='ltr'>Pater,</span> 
     </span>
    </p>
   </div>
   <div class='ocr_carea' id='block_1_3' title="bbox 217 541 2113 688">
    <p class='ocr_par' dir='ltr' id='par_1_3' title="bbox 217 541 2113 688">
     <span class='ocr_line' id='line_1_3' title="bbox 217 541 604 595; baseline -0.013 0"><span class='ocrx_word' id='word_1_11' title='bbox 217 545 282 595; x_wconf 83' lang='lat' dir='ltr'>ad</span> <span class='ocrx_word' id='word_1_12' title='bbox 317 544 399 594; x_wconf 75' lang='lat' dir='ltr'>‘me&#39;</span> <span class='ocrx_word' id='word_1_13' title='bbox 430 541 604 592; x_wconf 79' lang='lat' dir='ltr'>veniet.</span> 
     </span>
     <span class='ocr_line' id='line_1_4' title="bbox 287 616 2113 688; baseline -0.004 -8"><span class='ocrx_word' id='word_1_14' title='bbox 287 629 429 680; x_wconf 90' lang='lat' dir='ltr'>Haec</span> <span class='ocrx_word' id='word_1_15' title='bbox 468 627 656 688; x_wconf 90' lang='lat' dir='ltr'>imm0,</span> <span class='ocrx_word' id='word_1_16' title='bbox 698 622 1018 676; x_wconf 86' lang='lat' dir='ltr'>Beatissime</span> <span class='ocrx_word' id='word_1_17' title='bbox 1053 621 1234 686; x_wconf 89' lang='lat' dir='ltr'>Pater,</span> <span class='ocrx_word' id='word_1_18' title='bbox 1297 619 1555 671; x_wconf 88' lang='lat' dir='ltr'>salutaris</span> <span class='ocrx_word' id='word_1_19' title='bbox 1595 634 1656 670; x_wconf 86' lang='lat' dir='ltr'>ac</span> <span class='ocrx_word' id='word_1_20' title='bbox 1693 616 1957 670; x_wconf 85' lang='lat' dir='ltr'>felicioris</span> <span class='ocrx_word' id='word_1_21' title='bbox 1996 620 2113 672; x_wconf 89' lang='lat' dir='ltr'>aevi</span> 
     </span>
    </p>
   </div>
   <div class='ocr_carea' id='block_1_4' title="bbox 211 703 2120 2075">
    <p class='ocr_par' dir='ltr' id='par_1_4' title="bbox 211 703 2120 2075">
     <span class='ocr_line' id='line_1_5' title="bbox 218 703 2115 777; baseline -0.006 -12"><span class='ocrx_word' id='word_1_22' title='bbox 218 715 425 767; x_wconf 90' lang='lat' dir='ltr'>indicia</span> <span class='ocrx_word' id='word_1_23' title='bbox 462 710 895 777; x_wconf 87' lang='lat' dir='ltr'>conspiciuntur.</span> <span class='ocrx_word' id='word_1_24' title='bbox 959 707 1135 759; x_wconf 83' lang='lat' dir='ltr'>Testis</span> <span class='ocrx_word' id='word_1_25' title='bbox 1192 722 1348 758; x_wconf 90' lang='lat' dir='ltr'>amor</span> <span class='ocrx_word' id='word_1_26' title='bbox 1385 703 1518 771; x_wconf 89' lang='lat' dir='ltr'>ille,</span> <span class='ocrx_word' id='word_1_27' title='bbox 1586 719 1755 771; x_wconf 87' lang='lat' dir='ltr'>quem</span> <span class='ocrx_word' id='word_1_28' title='bbox 1795 709 2115 756; x_wconf 86' lang='lat' dir='ltr'>cunctarum</span> 
     </span>
     <span class='ocr_line' id='line_1_6' title="bbox 219 789 2117 861; baseline -0.007 -9"><span class='ocrx_word' id='word_1_29' title='bbox 219 801 511 852; x_wconf 89' lang='lat' dir='ltr'>nationum</span> <span class='ocrx_word' id='word_1_30' title='bbox 549 795 740 850; x_wconf 88' lang='lat' dir='ltr'>fideles</span> <span class='ocrx_word' id='word_1_31' title='bbox 780 797 848 847; x_wconf 85' lang='lat' dir='ltr'>ad</span> <span class='ocrx_word' id='word_1_32' title='bbox 884 794 1108 861; x_wconf 79' lang='lat' dir='ltr'><strong>quaevis</strong></span> <span class='ocrx_word' id='word_1_33' title='bbox 1147 809 1246 859; x_wconf 85' lang='lat' dir='ltr'>pro</span> <span class='ocrx_word' id='word_1_34' title='bbox 1286 793 1358 844; x_wconf 88' lang='lat' dir='ltr'>Te</span> <span class='ocrx_word' id='word_1_35' title='bbox 1397 789 1720 843; x_wconf 82' lang='lat' dir='ltr'>exantlanda</span> <span class='ocrx_word' id='word_1_36' title='bbox 1757 789 1934 855; x_wconf 86' lang='lat' dir='ltr'>parati</span> <span class='ocrx_word' id='word_1_37' title='bbox 1973 804 2117 840; x_wconf 88' lang='lat' dir='ltr'>com·</span> 
     </span>
     <span class='ocr_line' id='line_1_7' title="bbox 219 875 2116 950; baseline -0.007 -12"><span class='ocrx_word' id='word_1_38' title='bbox 219 889 559 950; x_wconf 86' lang='lat' dir='ltr'>monstrant,</span> <span class='ocrx_word' id='word_1_39' title='bbox 620 884 752 934; x_wconf 91' lang='lat' dir='ltr'>dum</span> <span class='ocrx_word' id='word_1_40' title='bbox 789 883 935 933; x_wconf 88' lang='lat' dir='ltr'>vires</span> <span class='ocrx_word' id='word_1_41' title='bbox 985 881 1229 946; x_wconf 86' lang='lat' dir='ltr'>corporis</span> <span class='ocrx_word' id='word_1_42' title='bbox 1267 884 1322 931; x_wconf 89' lang='lat' dir='ltr'>et</span> <span class='ocrx_word' id='word_1_43' title='bbox 1359 878 1534 930; x_wconf 89' lang='lat' dir='ltr'>animi</span> <span class='ocrx_word' id='word_1_44' title='bbox 1572 882 1733 942; x_wconf 86' lang='lat' dir='ltr'>atque</span> <span class='ocrx_word' id='word_1_45' title='bbox 1773 875 1908 926; x_wconf 90' lang='lat' dir='ltr'>adeo</span> <span class='ocrx_word' id='word_1_46' title='bbox 1944 876 2116 926; x_wconf 89' lang='lat' dir='ltr'>vitam</span> 
     </span>
     <span class='ocr_line' id='line_1_8' title="bbox 216 962 2118 1043; baseline -0.007 -18"><span class='ocrx_word' id='word_1_47' title='bbox 216 974 388 1040; x_wconf 85' lang='lat' dir='ltr'>ipsam</span> <span class='ocrx_word' id='word_1_48' title='bbox 425 986 523 1037; x_wconf 88' lang='lat' dir='ltr'>pro</span> <span class='ocrx_word' id='word_1_49' title='bbox 559 967 821 1043; x_wconf 84' lang='lat' dir='ltr'>Ecclesiae</span> <span class='ocrx_word' id='word_1_50' title='bbox 860 967 1076 1019; x_wconf 89' lang='lat' dir='ltr'>iuribus</span> <span class='ocrx_word' id='word_1_51' title='bbox 1131 972 1182 1018; x_wconf 89' lang='lat' dir='ltr'>et</span> <span class='ocrx_word' id='word_1_52' title='bbox 1235 965 1569 1034; x_wconf 86' lang='lat' dir='ltr'>Apostolicae</span> <span class='ocrx_word' id='word_1_53' title='bbox 1623 962 1776 1014; x_wconf 87' lang='lat' dir='ltr'>Sedis</span> <span class='ocrx_word' id='word_1_54' title='bbox 1814 962 1990 1029; x_wconf 86' lang='lat' dir='ltr'>gloria</span> <span class='ocrx_word' id='word_1_55' title='bbox 2027 962 2118 1013; x_wconf 88' lang='lat' dir='ltr'>ad-</span> 
     </span>
     <span class='ocr_line' id='line_1_9' title="bbox 218 1046 2118 1123; baseline -0.006 -12"><span class='ocrx_word' id='word_1_56' title='bbox 218 1059 447 1112; x_wconf 88' lang='lat' dir='ltr'>serenda</span> <span class='ocrx_word' id='word_1_57' title='bbox 482 1057 799 1123; x_wconf 80' lang='lat' dir='ltr'>impendere</span> <span class='ocrx_word' id='word_1_58' title='bbox 839 1069 900 1105; x_wconf 88' lang='lat' dir='ltr'>ac</span> <span class='ocrx_word' id='word_1_59' title='bbox 938 1053 1120 1105; x_wconf 87' lang='lat' dir='ltr'>dicare</span> <span class='ocrx_word' id='word_1_60' title='bbox 1159 1053 1415 1119; x_wconf 84' lang='lat' dir='ltr'>gestiunt.</span> <span class='ocrx_word' id='word_1_61' title='bbox 1464 1050 1633 1104; x_wconf 84' lang='lat' dir='ltr'>Testis</span> <span class='ocrx_word' id='word_1_62' title='bbox 1669 1064 1846 1117; x_wconf 84' lang='lat' dir='ltr'>prona</span> <span class='ocrx_word' id='word_1_63' title='bbox 1899 1046 1997 1100; x_wconf 89' lang='lat' dir='ltr'>illa</span> <span class='ocrx_word' id='word_1_64' title='bbox 2033 1064 2118 1100; x_wconf 91' lang='lat' dir='ltr'>ca-</span> 
     </span>
     <span class='ocr_line' id='line_1_10' title="bbox 220 1136 2118 1206; baseline -0.004 -12"><span class='ocrx_word' id='word_1_65' title='bbox 220 1143 549 1197; x_wconf 84' lang='lat' dir='ltr'>tholicarum</span> <span class='ocrx_word' id='word_1_66' title='bbox 575 1143 851 1195; x_wconf 86' lang='lat' dir='ltr'>mentium</span> <span class='ocrx_word' id='word_1_67' title='bbox 871 1139 1194 1206; x_wconf 88' lang='lat' dir='ltr'>reverentia,</span> <span class='ocrx_word' id='word_1_68' title='bbox 1235 1154 1373 1206; x_wconf 87' lang='lat' dir='ltr'>quae</span> <span class='ocrx_word' id='word_1_69' title='bbox 1402 1138 1473 1190; x_wconf 89' lang='lat' dir='ltr'>Te</span> <span class='ocrx_word' id='word_1_70' title='bbox 1497 1151 1817 1206; x_wconf 90' lang='lat' dir='ltr'>supremum</span> <span class='ocrx_word' id='word_1_71' title='bbox 1842 1136 2118 1188; x_wconf 79' lang='lat' dir='ltr'>Pastorem</span> 
     </span>
     <span class='ocr_line' id='line_1_11' title="bbox 219 1221 2119 1296; baseline -0.005 -14"><span class='ocrx_word' id='word_1_72' title='bbox 219 1231 414 1296; x_wconf 89' lang='lat' dir='ltr'>cupide</span> <span class='ocrx_word' id='word_1_73' title='bbox 450 1231 752 1294; x_wconf 82' lang='lat' dir='ltr'>intuentur,</span> <span class='ocrx_word' id='word_1_74' title='bbox 793 1239 931 1295; x_wconf 85' lang='lat' dir='ltr'>quae</span> <span class='ocrx_word' id='word_1_75' title='bbox 969 1225 1306 1294; x_wconf 86' lang='lat' dir='ltr'>Apostolicae</span> <span class='ocrx_word' id='word_1_76' title='bbox 1330 1223 1628 1276; x_wconf 88' lang='lat' dir='ltr'>Cathedrae</span> <span class='ocrx_word' id='word_1_77' title='bbox 1655 1221 1878 1274; x_wconf 87' lang='lat' dir='ltr'>oracula</span> <span class='ocrx_word' id='word_1_78' title='bbox 1913 1221 2119 1274; x_wconf 86' lang='lat' dir='ltr'>laetan-</span> 
     </span>
     <span class='ocr_line' id='line_1_12' title="bbox 222 1309 2118 1382; baseline -0.006 -10"><span class='ocrx_word' id='word_1_79' title='bbox 222 1326 302 1372; x_wconf 87' lang='lat' dir='ltr'>ter</span> <span class='ocrx_word' id='word_1_80' title='bbox 339 1317 544 1382; x_wconf 83' lang='lat' dir='ltr'>excipit,</span> <span class='ocrx_word' id='word_1_81' title='bbox 589 1315 770 1380; x_wconf 86' lang='lat' dir='ltr'>iisque</span> <span class='ocrx_word' id='word_1_82' title='bbox 809 1312 1126 1366; x_wconf 87' lang='lat' dir='ltr'>firmissimo</span> <span class='ocrx_word' id='word_1_83' title='bbox 1167 1311 1406 1363; x_wconf 87' lang='lat' dir='ltr'>adsensu</span> <span class='ocrx_word' id='word_1_84' title='bbox 1443 1315 1496 1362; x_wconf 89' lang='lat' dir='ltr'>et</span> <span class='ocrx_word' id='word_1_85' title='bbox 1532 1310 1796 1377; x_wconf 87' lang='lat' dir='ltr'>obsequio</span> <span class='ocrx_word' id='word_1_86' title='bbox 1823 1309 2118 1362; x_wconf 88' lang='lat' dir='ltr'>adhaerere</span> 
     </span>
     <span class='ocr_line' id='line_1_13' title="bbox 218 1395 2119 1469; baseline -0.005 -13"><span class='ocrx_word' id='word_1_87' title='bbox 218 1404 493 1469; x_wconf 83' lang='lat' dir='ltr'>gloriatur.</span> <span class='ocrx_word' id='word_1_88' title='bbox 556 1400 730 1452; x_wconf 87' lang='lat' dir='ltr'>Testis</span> <span class='ocrx_word' id='word_1_89' title='bbox 788 1398 887 1452; x_wconf 93' lang='lat' dir='ltr'>illa</span> <span class='ocrx_word' id='word_1_90' title='bbox 942 1399 1134 1450; x_wconf 85' lang='lat' dir='ltr'>filialis</span> <span class='ocrx_word' id='word_1_91' title='bbox 1186 1398 1360 1450; x_wconf 91' lang='lat' dir='ltr'>animi</span> <span class='ocrx_word' id='word_1_92' title='bbox 1401 1397 1654 1463; x_wconf 88' lang='lat' dir='ltr'>indoles,</span> <span class='ocrx_word' id='word_1_93' title='bbox 1716 1412 1824 1463; x_wconf 84' lang='lat' dir='ltr'>qua</span> <span class='ocrx_word' id='word_1_94' title='bbox 1879 1395 2119 1463; x_wconf 89' lang='lat' dir='ltr'>populus</span> 
     </span>
     <span class='ocr_line' id='line_1_14' title="bbox 216 1483 2118 1552; baseline -0.004 -10"><span class='ocrx_word' id='word_1_95' title='bbox 216 1489 558 1542; x_wconf 84' lang='lat' dir='ltr'>Christianus</span> <span class='ocrx_word' id='word_1_96' title='bbox 594 1486 827 1551; x_wconf 86' lang='lat' dir='ltr'>vestigia</span> <span class='ocrx_word' id='word_1_97' title='bbox 866 1485 1119 1538; x_wconf 89' lang='lat' dir='ltr'>fidelium</span> <span class='ocrx_word' id='word_1_98' title='bbox 1157 1499 1389 1552; x_wconf 86' lang='lat' dir='ltr'>sequens</span> <span class='ocrx_word' id='word_1_99' title='bbox 1425 1524 1441 1550; x_wconf 89' lang='lat'>‚</span> <span class='ocrx_word' id='word_1_100' title='bbox 1499 1485 1597 1550; x_wconf 85' lang='lat' dir='ltr'>qui</span> <span class='ocrx_word' id='word_1_101' title='bbox 1636 1483 1775 1536; x_wconf 90' lang='lat' dir='ltr'>olim</span> <span class='ocrx_word' id='word_1_102' title='bbox 1832 1484 1900 1535; x_wconf 89' lang='lat' dir='ltr'>ad</span> <span class='ocrx_word' id='word_1_103' title='bbox 1956 1484 2118 1551; x_wconf 86' lang='lat' dir='ltr'>pedes</span> 
     </span>
     <span class='ocr_line' id='line_1_15' title="bbox 218 1570 2118 1643; baseline -0.006 -14"><span class='ocrx_word' id='word_1_104' title='bbox 218 1574 594 1643; x_wconf 82' lang='lat' dir='ltr'>Apostolorum</span> <span class='ocrx_word' id='word_1_105' title='bbox 631 1571 916 1626; x_wconf 82' lang='lat' dir='ltr'>facultates</span> <span class='ocrx_word' id='word_1_106' title='bbox 953 1588 1081 1625; x_wconf 89' lang='lat' dir='ltr'>suas</span> <span class='ocrx_word' id='word_1_107' title='bbox 1121 1577 1313 1639; x_wconf 89' lang='lat' dir='ltr'>sponte</span> <span class='ocrx_word' id='word_1_108' title='bbox 1352 1570 1700 1636; x_wconf 86' lang='lat' dir='ltr'>deferebant,</span> <span class='ocrx_word' id='word_1_109' title='bbox 1754 1586 1941 1623; x_wconf 88' lang='lat' dir='ltr'>rerum</span> <span class='ocrx_word' id='word_1_110' title='bbox 1979 1570 2118 1623; x_wconf 60' lang='lat' dir='ltr'>Tua-</span> 
     </span>
     <span class='ocr_line' id='line_1_16' title="bbox 216 1658 2120 1727; baseline -0.002 -13"><span class='ocrx_word' id='word_1_111' title='bbox 216 1679 337 1715; x_wconf 88' lang='lat' dir='ltr'>rum</span> <span class='ocrx_word' id='word_1_112' title='bbox 375 1661 644 1726; x_wconf 84' lang='lat' dir='ltr'>angustiis</span> <span class='ocrx_word' id='word_1_113' title='bbox 681 1662 974 1727; x_wconf 85' lang='lat' dir='ltr'>hucusque</span> <span class='ocrx_word' id='word_1_114' title='bbox 1014 1659 1284 1726; x_wconf 88' lang='lat' dir='ltr'>occurrit,</span> <span class='ocrx_word' id='word_1_115' title='bbox 1326 1665 1382 1719; x_wconf 83' lang='lat' dir='ltr'>et</span> <span class='ocrx_word' id='word_1_116' title='bbox 1419 1659 1768 1711; x_wconf 85' lang='lat' dir='ltr'>continenter</span> <span class='ocrx_word' id='word_1_117' title='bbox 1807 1674 1895 1711; x_wconf 90' lang='lat' dir='ltr'>eas</span> <span class='ocrx_word' id='word_1_118' title='bbox 1935 1658 2120 1712; x_wconf 87' lang='lat' dir='ltr'>suble-</span> 
     </span>
     <span class='ocr_line' id='line_1_17' title="bbox 215 1746 2110 1812; baseline -0.003 -10"><span class='ocrx_word' id='word_1_119' title='bbox 215 1765 338 1802; x_wconf 87' lang='lat' dir='ltr'>vare</span> <span class='ocrx_word' id='word_1_120' title='bbox 389 1764 502 1801; x_wconf 88' lang='lat' dir='ltr'>non</span> <span class='ocrx_word' id='word_1_121' title='bbox 558 1748 749 1801; x_wconf 87' lang='lat' dir='ltr'>desint.</span> <span class='ocrx_word' id='word_1_122' title='bbox 810 1747 951 1799; x_wconf 89' lang='lat' dir='ltr'>Haec</span> <span class='ocrx_word' id='word_1_123' title='bbox 1007 1746 1198 1799; x_wconf 88' lang='lat' dir='ltr'>filialis</span> <span class='ocrx_word' id='word_1_124' title='bbox 1257 1750 1580 1811; x_wconf 86' lang='lat' dir='ltr'>argumenta</span> <span class='ocrx_word' id='word_1_125' title='bbox 1632 1746 1853 1812; x_wconf 88' lang='lat' dir='ltr'>pietatis</span> <span class='ocrx_word' id='word_1_126' title='bbox 1910 1746 2110 1797; x_wconf 91' lang='lat' dir='ltr'>intimo</span> 
     </span>
     <span class='ocr_line' id='line_1_18' title="bbox 211 1832 2113 1904; baseline -0.003 -16"><span class='ocrx_word' id='word_1_127' title='bbox 211 1842 424 1904; x_wconf 81' lang='lat' dir='ltr'>pectore</span> <span class='ocrx_word' id='word_1_128' title='bbox 463 1835 726 1888; x_wconf 87' lang='lat' dir='ltr'>commoti</span> <span class='ocrx_word' id='word_1_129' title='bbox 765 1835 1046 1887; x_wconf 88' lang='lat' dir='ltr'>cernimus</span> <span class='ocrx_word' id='word_1_130' title='bbox 1071 1874 1088 1900; x_wconf 88' lang='lat'>‚</span> <span class='ocrx_word' id='word_1_131' title='bbox 1150 1846 1437 1900; x_wconf 87' lang='lat' dir='ltr'>nunquam</span> <span class='ocrx_word' id='word_1_132' title='bbox 1475 1847 1587 1884; x_wconf 92' lang='lat' dir='ltr'>non</span> <span class='ocrx_word' id='word_1_133' title='bbox 1629 1848 1850 1898; x_wconf 86' lang='lat' dir='ltr'>operam</span> <span class='ocrx_word' id='word_1_134' title='bbox 1888 1832 2113 1899; x_wconf 81' lang='lat' dir='ltr'>daturi,</span> 
     </span>
     <span class='ocr_line' id='line_1_19' title="bbox 215 1920 2118 1988; baseline -0.002 -14"><span class='ocrx_word' id='word_1_135' title='bbox 215 1928 276 1974; x_wconf 88' lang='lat' dir='ltr'>ut</span> <span class='ocrx_word' id='word_1_136' title='bbox 308 1938 456 1974; x_wconf 88' lang='lat' dir='ltr'>sacer</span> <span class='ocrx_word' id='word_1_137' title='bbox 491 1922 586 1974; x_wconf 91' lang='lat' dir='ltr'>hic</span> <span class='ocrx_word' id='word_1_138' title='bbox 621 1922 765 1988; x_wconf 86' lang='lat' dir='ltr'>ignis</span> <span class='ocrx_word' id='word_1_139' title='bbox 800 1925 860 1972; x_wconf 89' lang='lat' dir='ltr'>in</span> <span class='ocrx_word' id='word_1_140' title='bbox 899 1920 1152 1973; x_wconf 85' lang='lat' dir='ltr'>cordibus</span> <span class='ocrx_word' id='word_1_141' title='bbox 1189 1920 1445 1973; x_wconf 89' lang='lat' dir='ltr'>fidelium</span> <span class='ocrx_word' id='word_1_142' title='bbox 1483 1935 1747 1974; x_wconf 88' lang='lat' dir='ltr'>accensus</span> <span class='ocrx_word' id='word_1_143' title='bbox 1772 1920 2026 1972; x_wconf 88' lang='lat' dir='ltr'>foveatur</span> <span class='ocrx_word' id='word_1_144' title='bbox 2065 1925 2118 1971; x_wconf 88' lang='lat' dir='ltr'>et</span> 
     </span>
     <span class='ocr_line' id='line_1_20' title="bbox 215 2005 2117 2075; baseline -0.001 -15"><span class='ocrx_word' id='word_1_145' title='bbox 215 2010 430 2075; x_wconf 86' lang='lat' dir='ltr'>vigeat,</span> <span class='ocrx_word' id='word_1_146' title='bbox 471 2013 639 2074; x_wconf 85' lang='lat' dir='ltr'>utque</span> <span class='ocrx_word' id='word_1_147' title='bbox 680 2012 797 2059; x_wconf 91' lang='lat' dir='ltr'>tum</span> <span class='ocrx_word' id='word_1_148' title='bbox 835 2012 1019 2058; x_wconf 90' lang='lat' dir='ltr'>nostro</span> <span class='ocrx_word' id='word_1_149' title='bbox 1061 2011 1180 2057; x_wconf 86' lang='lat' dir='ltr'>tum</span> <span class='ocrx_word' id='word_1_150' title='bbox 1224 2005 1356 2058; x_wconf 88' lang='lat' dir='ltr'>cleri</span> <span class='ocrx_word' id='word_1_151' title='bbox 1394 2005 1558 2058; x_wconf 83' lang='lat' dir='ltr'>totius</span> <span class='ocrx_word' id='word_1_152' title='bbox 1598 2005 1845 2073; x_wconf 78' lang='lat' dir='ltr'>exemplo</span> <span class='ocrx_word' id='word_1_153' title='bbox 1886 2006 2117 2061; x_wconf 86' lang='lat' dir='ltr'>animati</span> 
     </span>
    </p>
   </div>
   <div class='ocr_carea' id='block_1_5' title="bbox 158 2193 2119 3675">
    <p class='ocr_par' dir='ltr' id='par_1_5' title="bbox 158 2193 2117 2321">
     <span class='ocr_line' id='line_1_21' title="bbox 215 2193 2117 2255; baseline -0.001 -12"><span class='ocrx_word' id='word_1_154' title='bbox 215 2194 431 2255; x_wconf 87' lang='lat' dir='ltr'>possiate</span> <span class='ocrx_word' id='word_1_155' title='bbox 462 2196 732 2243; x_wconf 87' lang='lat' dir='ltr'>esclamare</span> <span class='ocrx_word' id='word_1_156' title='bbox 764 2207 859 2242; x_wconf 92' lang='lat' dir='ltr'>con</span> <span class='ocrx_word' id='word_1_157' title='bbox 891 2194 1029 2243; x_wconf 88' lang='lat' dir='ltr'>tutta</span> <span class='ocrx_word' id='word_1_158' title='bbox 1059 2193 1221 2243; x_wconf 79' lang='lat' dir='ltr'>verita</span> <span class='ocrx_word' id='word_1_159' title='bbox 1251 2195 1326 2242; x_wconf 93' lang='lat' dir='ltr'>col</span> <span class='ocrx_word' id='word_1_160' title='bbox 1348 2193 1567 2254; x_wconf 82' lang='lat' dir='ltr'>Signore</span> <span class='ocrx_word' id='word_1_161' title='bbox 1592 2207 1619 2242; x_wconf 92' lang='lat' dir='ltr'>e</span> <span class='ocrx_word' id='word_1_162' title='bbox 1635 2193 1883 2242; x_wconf 85' lang='lat' dir='ltr'>Maestro:</span> <span class='ocrx_word' id='word_1_163' title='bbox 1925 2212 1946 2237; x_wconf 91' lang='lat'>«</span> <span class='ocrx_word' id='word_1_164' title='bbox 1967 2194 2117 2242; x_wconf 88' lang='lat' dir='ltr'>Tutto</span> 
     </span>
     <span class='ocr_line' id='line_1_22' title="bbox 158 2269 1292 2321; baseline -0.004 0"><span class='ocrx_word' id='word_1_165' title='bbox 158 2318 161 2321; x_wconf 77' lang='grc'>,</span> <span class='ocrx_word' id='word_1_166' title='bbox 217 2269 294 2319; x_wconf 81' lang='lat' dir='ltr'>cio</span> <span class='ocrx_word' id='word_1_167' title='bbox 322 2270 415 2318; x_wconf 89' lang='lat' dir='ltr'>che</span> <span class='ocrx_word' id='word_1_168' title='bbox 445 2270 515 2317; x_wconf 91' lang='lat' dir='ltr'>mi</span> <span class='ocrx_word' id='word_1_169' title='bbox 546 2269 610 2316; x_wconf 71' lang='lat' dir='ltr'>da</span> <span class='ocrx_word' id='word_1_170' title='bbox 638 2270 675 2316; x_wconf 91' lang='lat' dir='ltr'>il</span> <span class='ocrx_word' id='word_1_171' title='bbox 707 2269 865 2317; x_wconf 88' lang='lat' dir='ltr'>Padre</span> <span class='ocrx_word' id='word_1_172' title='bbox 895 2282 927 2316; x_wconf 87' lang='lat' dir='ltr'>a</span> <span class='ocrx_word' id='word_1_173' title='bbox 955 2281 1037 2317; x_wconf 90' lang='lat' dir='ltr'>me</span> <span class='ocrx_word' id='word_1_174' title='bbox 1069 2269 1233 2318; x_wconf 75' lang='lat' dir='ltr'>verra.</span> <span class='ocrx_word' id='word_1_175' title='bbox 1271 2288 1292 2313; x_wconf 89' lang='lat'>»</span> 
     </span>
    </p>

    <p class='ocr_par' dir='ltr' id='par_1_6' title="bbox 213 2344 2119 3675">
     <span class='ocr_line' id='line_1_23' title="bbox 273 2344 2111 2404; baseline 0.001 -14"><span class='ocrx_word' id='word_1_176' title='bbox 273 2346 355 2392; x_wconf 86' lang='lat' dir='ltr'>Ma</span> <span class='ocrx_word' id='word_1_177' title='bbox 383 2344 560 2404; x_wconf 78' lang='lat' dir='ltr'>queste</span> <span class='ocrx_word' id='word_1_178' title='bbox 589 2356 718 2404; x_wconf 88' lang='lat' dir='ltr'>cose,</span> <span class='ocrx_word' id='word_1_179' title='bbox 749 2344 1046 2392; x_wconf 84' lang='lat' dir='ltr'>Beatissimo</span> <span class='ocrx_word' id='word_1_180' title='bbox 1077 2345 1254 2404; x_wconf 88' lang='lat' dir='ltr'>Padre,</span> <span class='ocrx_word' id='word_1_181' title='bbox 1284 2344 1459 2392; x_wconf 89' lang='lat' dir='ltr'>indizii</span> <span class='ocrx_word' id='word_1_182' title='bbox 1492 2345 1542 2391; x_wconf 90' lang='lat' dir='ltr'>di</span> <span class='ocrx_word' id='word_1_183' title='bbox 1573 2356 1680 2391; x_wconf 88' lang='lat' dir='ltr'>una</span> <span class='ocrx_word' id='word_1_184' title='bbox 1710 2344 1932 2392; x_wconf 89' lang='lat' dir='ltr'>salutare</span> <span class='ocrx_word' id='word_1_185' title='bbox 1963 2358 1991 2392; x_wconf 92' lang='lat' dir='ltr'>e</span> <span class='ocrx_word' id='word_1_186' title='bbox 2021 2345 2111 2404; x_wconf 76' lang='lat' dir='ltr'>piu</span> 
     </span>
     <span class='ocr_line' id='line_1_24' title="bbox 214 2418 2115 2480; baseline 0.002 -16"><span class='ocrx_word' id='word_1_187' title='bbox 214 2419 354 2468; x_wconf 88' lang='lat' dir='ltr'>felice</span> <span class='ocrx_word' id='word_1_188' title='bbox 383 2418 482 2478; x_wconf 68' lang='lat' dir='ltr'>eta,</span> <span class='ocrx_word' id='word_1_189' title='bbox 514 2419 557 2466; x_wconf 88' lang='lat' dir='ltr'>si</span> <span class='ocrx_word' id='word_1_190' title='bbox 587 2418 903 2466; x_wconf 87' lang='lat' dir='ltr'>cominciano</span> <span class='ocrx_word' id='word_1_191' title='bbox 935 2430 966 2464; x_wconf 88' lang='lat' dir='ltr'>a</span> <span class='ocrx_word' id='word_1_192' title='bbox 997 2419 1195 2467; x_wconf 88' lang='lat' dir='ltr'>vedere.</span> <span class='ocrx_word' id='word_1_193' title='bbox 1228 2419 1322 2467; x_wconf 78' lang='lat' dir='ltr'>N’e</span> <span class='ocrx_word' id='word_1_194' title='bbox 1348 2419 1638 2467; x_wconf 86' lang='lat' dir='ltr'>testimonio</span> <span class='ocrx_word' id='word_1_195' title='bbox 1660 2419 1990 2480; x_wconf 86' lang='lat' dir='ltr'>quell’amore</span> <span class='ocrx_word' id='word_1_196' title='bbox 2023 2420 2115 2467; x_wconf 88' lang='lat' dir='ltr'>che</span> 
     </span>
     <span class='ocr_line' id='line_1_25' title="bbox 218 2492 2119 2555; baseline 0.001 -14"><span class='ocrx_word' id='word_1_197' title='bbox 218 2494 533 2555; x_wconf 82' lang='lat' dir='ltr'>dimostrano</span> <span class='ocrx_word' id='word_1_198' title='bbox 556 2494 575 2539; x_wconf 93' lang='lat' dir='ltr'>i</span> <span class='ocrx_word' id='word_1_199' title='bbox 605 2493 752 2541; x_wconf 86' lang='lat' dir='ltr'>fedeli</span> <span class='ocrx_word' id='word_1_200' title='bbox 783 2494 835 2540; x_wconf 93' lang='lat' dir='ltr'>di</span> <span class='ocrx_word' id='word_1_201' title='bbox 884 2492 1019 2541; x_wconf 82' lang='lat' dir='ltr'>tutte</span> <span class='ocrx_word' id='word_1_202' title='bbox 1048 2495 1095 2541; x_wconf 92' lang='lat' dir='ltr'>le</span> <span class='ocrx_word' id='word_1_203' title='bbox 1126 2494 1347 2554; x_wconf 84' lang='lat' dir='ltr'>nazioni,</span> <span class='ocrx_word' id='word_1_204' title='bbox 1378 2494 1550 2553; x_wconf 82' lang='lat' dir='ltr'>pronti</span> <span class='ocrx_word' id='word_1_205' title='bbox 1600 2507 1631 2541; x_wconf 90' lang='lat' dir='ltr'>a</span> <span class='ocrx_word' id='word_1_206' title='bbox 1679 2494 1815 2542; x_wconf 88' lang='lat' dir='ltr'>tutto</span> <span class='ocrx_word' id='word_1_207' title='bbox 1865 2493 2119 2542; x_wconf 88' lang='lat' dir='ltr'>sostenere</span> 
     </span>
     <span class='ocr_line' id='line_1_26' title="bbox 216 2567 2118 2628; baseline -0.001 -12"><span class='ocrx_word' id='word_1_208' title='bbox 216 2582 305 2628; x_wconf 85' lang='lat' dir='ltr'>per</span> <span class='ocrx_word' id='word_1_209' title='bbox 345 2569 454 2628; x_wconf 91' lang='lat' dir='ltr'>Voi‚</span> <span class='ocrx_word' id='word_1_210' title='bbox 502 2568 700 2615; x_wconf 89' lang='lat' dir='ltr'>mentre</span> <span class='ocrx_word' id='word_1_211' title='bbox 746 2567 982 2627; x_wconf 86' lang='lat' dir='ltr'>aspirano</span> <span class='ocrx_word' id='word_1_212' title='bbox 1034 2581 1065 2614; x_wconf 87' lang='lat' dir='ltr'>a</span> <span class='ocrx_word' id='word_1_213' title='bbox 1108 2580 1255 2627; x_wconf 90' lang='lat' dir='ltr'>porre</span> <span class='ocrx_word' id='word_1_214' title='bbox 1285 2570 1346 2616; x_wconf 92' lang='lat' dir='ltr'>ed</span> <span class='ocrx_word' id='word_1_215' title='bbox 1398 2582 1429 2616; x_wconf 88' lang='lat' dir='ltr'>a</span> <span class='ocrx_word' id='word_1_216' title='bbox 1459 2581 1756 2617; x_wconf 87' lang='lat' dir='ltr'>consumare</span> <span class='ocrx_word' id='word_1_217' title='bbox 1786 2571 1832 2616; x_wconf 93' lang='lat' dir='ltr'>le</span> <span class='ocrx_word' id='word_1_218' title='bbox 1878 2569 2008 2616; x_wconf 87' lang='lat' dir='ltr'>forze</span> <span class='ocrx_word' id='word_1_219' title='bbox 2039 2570 2118 2616; x_wconf 89' lang='lat' dir='ltr'>del</span> 
     </span>
     <span class='ocr_line' id='line_1_27' title="bbox 217 2643 2117 2703; baseline -0.001 -12"><span class='ocrx_word' id='word_1_220' title='bbox 217 2656 367 2702; x_wconf 90' lang='lat' dir='ltr'>corpo</span> <span class='ocrx_word' id='word_1_221' title='bbox 397 2656 426 2691; x_wconf 88' lang='lat' dir='ltr'>e</span> <span class='ocrx_word' id='word_1_222' title='bbox 456 2643 747 2690; x_wconf 87' lang='lat' dir='ltr'>dell&#39;animo</span> <span class='ocrx_word' id='word_1_223' title='bbox 779 2655 807 2691; x_wconf 90' lang='lat' dir='ltr'>e</span> <span class='ocrx_word' id='word_1_224' title='bbox 839 2643 951 2690; x_wconf 88' lang='lat' dir='ltr'>sino</span> <span class='ocrx_word' id='word_1_225' title='bbox 980 2644 1030 2690; x_wconf 89' lang='lat' dir='ltr'>la</span> <span class='ocrx_word' id='word_1_226' title='bbox 1075 2644 1233 2692; x_wconf 87' lang='lat' dir='ltr'>stessa</span> <span class='ocrx_word' id='word_1_227' title='bbox 1264 2644 1371 2691; x_wconf 88' lang='lat' dir='ltr'>vita</span> <span class='ocrx_word' id='word_1_228' title='bbox 1417 2657 1507 2703; x_wconf 92' lang='lat' dir='ltr'>per</span> <span class='ocrx_word' id='word_1_229' title='bbox 1550 2645 1807 2693; x_wconf 85' lang='lat' dir='ltr'>difendere</span> <span class='ocrx_word' id='word_1_230' title='bbox 1837 2646 1882 2691; x_wconf 90' lang='lat' dir='ltr'>le</span> <span class='ocrx_word' id='word_1_231' title='bbox 1914 2645 2117 2703; x_wconf 82' lang='lat' dir='ltr'>ragioni</span> 
     </span>
     <span class='ocr_line' id='line_1_28' title="bbox 217 2716 2117 2779; baseline 0.002 -16"><span class='ocrx_word' id='word_1_232' title='bbox 217 2717 347 2764; x_wconf 82' lang='lat' dir='ltr'>della</span> <span class='ocrx_word' id='word_1_233' title='bbox 375 2716 555 2764; x_wconf 83' lang='lat' dir='ltr'>Chiesa</span> <span class='ocrx_word' id='word_1_234' title='bbox 586 2730 613 2764; x_wconf 91' lang='lat' dir='ltr'>e</span> <span class='ocrx_word' id='word_1_235' title='bbox 642 2717 835 2765; x_wconf 87' lang='lat' dir='ltr'>l&#39;onore</span> <span class='ocrx_word' id='word_1_236' title='bbox 867 2717 995 2764; x_wconf 90' lang='lat' dir='ltr'>della</span> <span class='ocrx_word' id='word_1_237' title='bbox 1028 2717 1154 2765; x_wconf 87' lang='lat' dir='ltr'>Sede</span> <span class='ocrx_word' id='word_1_238' title='bbox 1183 2718 1471 2776; x_wconf 74' lang='lat' dir='ltr'>apostolIca.</span> <span class='ocrx_word' id='word_1_239' title='bbox 1507 2718 1601 2766; x_wconf 78' lang='lat' dir='ltr'>N’e</span> <span class='ocrx_word' id='word_1_240' title='bbox 1630 2718 1920 2767; x_wconf 89' lang='lat' dir='ltr'>testimonio</span> <span class='ocrx_word' id='word_1_241' title='bbox 1951 2720 2117 2779; x_wconf 88' lang='lat' dir='ltr'>quella</span> 
     </span>
     <span class='ocr_line' id='line_1_29' title="bbox 217 2791 2116 2854; baseline 0.001 -17"><span class='ocrx_word' id='word_1_242' title='bbox 217 2791 372 2840; x_wconf 89' lang='lat' dir='ltr'>umile</span> <span class='ocrx_word' id='word_1_243' title='bbox 403 2791 664 2839; x_wconf 84' lang='lat' dir='ltr'>riverenza</span> <span class='ocrx_word' id='word_1_244' title='bbox 693 2791 820 2838; x_wconf 89' lang='lat' dir='ltr'>delle</span> <span class='ocrx_word' id='word_1_245' title='bbox 849 2791 1010 2839; x_wconf 81' lang='lat' dir='ltr'>menti</span> <span class='ocrx_word' id='word_1_246' title='bbox 1042 2793 1324 2853; x_wconf 71' lang='lat' dir='ltr'>cattolich,e‚</span> <span class='ocrx_word' id='word_1_247' title='bbox 1357 2794 1484 2840; x_wconf 85' lang='lat' dir='ltr'>colla</span> <span class='ocrx_word' id='word_1_248' title='bbox 1524 2795 1673 2854; x_wconf 89' lang='lat' dir='ltr'>quale</span> <span class='ocrx_word' id='word_1_249' title='bbox 1723 2794 2043 2842; x_wconf 84' lang='lat' dir='ltr'>avidamente</span> <span class='ocrx_word' id='word_1_250' title='bbox 2074 2793 2116 2839; x_wconf 90' lang='lat' dir='ltr'>si</span> 
     </span>
     <span class='ocr_line' id='line_1_30' title="bbox 215 2866 2117 2933; baseline 0.001 -20"><span class='ocrx_word' id='word_1_251' title='bbox 215 2866 335 2913; x_wconf 82' lang='lat' dir='ltr'>fissa</span> <span class='ocrx_word' id='word_1_252' title='bbox 361 2868 409 2913; x_wconf 96' lang='lat' dir='ltr'>lo</span> <span class='ocrx_word' id='word_1_253' title='bbox 439 2867 665 2933; x_wconf 85' lang='lat' dir='ltr'>sguardo</span> <span class='ocrx_word' id='word_1_254' title='bbox 695 2868 751 2914; x_wconf 90' lang='lat' dir='ltr'>in</span> <span class='ocrx_word' id='word_1_255' title='bbox 783 2866 894 2927; x_wconf 90' lang='lat' dir='ltr'>Voi,</span> <span class='ocrx_word' id='word_1_256' title='bbox 927 2867 1131 2915; x_wconf 86' lang='lat' dir='ltr'>Pastore</span> <span class='ocrx_word' id='word_1_257' title='bbox 1148 2899 1152 2901; x_wconf 87' lang='lat'>-</span> <span class='ocrx_word' id='word_1_258' title='bbox 1170 2880 1423 2927; x_wconf 87' lang='lat' dir='ltr'>supremO,</span> <span class='ocrx_word' id='word_1_259' title='bbox 1471 2868 1514 2915; x_wconf 92' lang='lat' dir='ltr'>si</span> <span class='ocrx_word' id='word_1_260' title='bbox 1565 2868 1843 2927; x_wconf 84' lang='lat' dir='ltr'>accolgono</span> <span class='ocrx_word' id='word_1_261' title='bbox 1874 2882 1969 2916; x_wconf 88' lang='lat' dir='ltr'>con</span> <span class='ocrx_word' id='word_1_262' title='bbox 2001 2870 2117 2928; x_wconf 85' lang='lat' dir='ltr'>giu-</span> 
     </span>
     <span class='ocr_line' id='line_1_31' title="bbox 215 2939 2115 3005; baseline 0.001 -19"><span class='ocrx_word' id='word_1_263' title='bbox 215 2939 316 2986; x_wconf 88' lang='lat' dir='ltr'>bilo</span> <span class='ocrx_word' id='word_1_264' title='bbox 347 2939 422 2999; x_wconf 82' lang='lat' dir='ltr'>gli</span> <span class='ocrx_word' id='word_1_265' title='bbox 453 2941 638 2988; x_wconf 86' lang='lat' dir='ltr'>oracoli</span> <span class='ocrx_word' id='word_1_266' title='bbox 667 2941 797 2988; x_wconf 88' lang='lat' dir='ltr'>della</span> <span class='ocrx_word' id='word_1_267' title='bbox 827 2941 1064 3005; x_wconf 71' lang='lat' dir='ltr'>cattedra</span> <span class='ocrx_word' id='word_1_268' title='bbox 1095 2941 1384 3001; x_wconf 86' lang='lat' dir='ltr'>apostolica,</span> <span class='ocrx_word' id='word_1_269' title='bbox 1440 2955 1467 2989; x_wconf 90' lang='lat' dir='ltr'>e</span> <span class='ocrx_word' id='word_1_270' title='bbox 1515 2942 1751 2990; x_wconf 83' lang='lat' dir='ltr'>l’aderire</span> <span class='ocrx_word' id='word_1_271' title='bbox 1783 2943 1848 2989; x_wconf 89' lang='lat' dir='ltr'>ad</span> <span class='ocrx_word' id='word_1_272' title='bbox 1886 2944 1981 2990; x_wconf 90' lang='lat' dir='ltr'>essi</span> <span class='ocrx_word' id='word_1_273' title='bbox 2019 2955 2115 2990; x_wconf 90' lang='lat' dir='ltr'>con</span> 
     </span>
     <span class='ocr_line' id='line_1_32' title="bbox 215 3015 2116 3076; baseline 0 -12"><span class='ocrx_word' id='word_1_274' title='bbox 215 3015 512 3064; x_wconf 84' lang='lat' dir='ltr'>fermissimo</span> <span class='ocrx_word' id='word_1_275' title='bbox 544 3027 748 3062; x_wconf 86' lang='lat' dir='ltr'>assenso</span> <span class='ocrx_word' id='word_1_276' title='bbox 777 3027 806 3063; x_wconf 86' lang='lat' dir='ltr'>e</span> <span class='ocrx_word' id='word_1_277' title='bbox 837 3028 930 3063; x_wconf 88' lang='lat' dir='ltr'>con</span> <span class='ocrx_word' id='word_1_278' title='bbox 963 3016 1191 3076; x_wconf 71' lang='lat' dir='ltr'>ossequio</span> <span class='ocrx_word' id='word_1_279' title='bbox 1220 3017 1263 3064; x_wconf 92' lang='lat' dir='ltr'>si</span> <span class='ocrx_word' id='word_1_280' title='bbox 1314 3017 1496 3075; x_wconf 87' lang='lat' dir='ltr'>reputa</span> <span class='ocrx_word' id='word_1_281' title='bbox 1546 3016 1783 3076; x_wconf 85' lang='lat' dir='ltr'>glorioso.</span> <span class='ocrx_word' id='word_1_282' title='bbox 1833 3018 1893 3064; x_wconf 95' lang='lat' dir='ltr'>N’</span> <span class='ocrx_word' id='word_1_283' title='bbox 1912 3017 1940 3063; x_wconf 81' lang='lat' dir='ltr'>e</span> <span class='ocrx_word' id='word_1_284' title='bbox 1978 3018 2116 3064; x_wconf 74' lang='lat' dir='ltr'>testi-v</span> 
     </span>
     <span class='ocr_line' id='line_1_33' title="bbox 217 3075 2115 3151; baseline 0.001 -14"><span class='ocrx_word' id='word_1_285' title='bbox 217 3090 386 3137; x_wconf 90' lang='lat' dir='ltr'>monio</span> <span class='ocrx_word' id='word_1_286' title='bbox 417 3090 585 3150; x_wconf 85' lang='lat' dir='ltr'>quella</span> <span class='ocrx_word' id='word_1_287' title='bbox 615 3090 950 3149; x_wconf 87' lang='lat' dir='ltr'>propensione</span> <span class='ocrx_word' id='word_1_288' title='bbox 981 3091 1031 3138; x_wconf 89' lang='lat' dir='ltr'>di</span> <span class='ocrx_word' id='word_1_289' title='bbox 1062 3091 1233 3138; x_wconf 84' lang='lat' dir='ltr'>animo</span> <span class='ocrx_word' id='word_1_290' title='bbox 1263 3091 1431 3151; x_wconf 68' lang='lat' dir='ltr'>finale,</span> <span class='ocrx_word' id='word_1_291' title='bbox 1464 3075 1558 3138; x_wconf 67' lang='lat' dir='ltr'>con</span> <span class='ocrx_word' id='word_1_292' title='bbox 1590 3091 1682 3140; x_wconf 87' lang='lat' dir='ltr'>che</span> <span class='ocrx_word' id='word_1_293' title='bbox 1725 3093 1761 3138; x_wconf 94' lang='lat' dir='ltr'>il</span> <span class='ocrx_word' id='word_1_294' title='bbox 1813 3092 1991 3151; x_wconf 89' lang='lat' dir='ltr'>popolo</span> <span class='ocrx_word' id='word_1_295' title='bbox 2023 3093 2115 3139; x_wconf 88' lang='lat' dir='ltr'>cri-</span> 
     </span>
     <span class='ocr_line' id='line_1_34' title="bbox 215 3164 2115 3228; baseline 0 -16"><span class='ocrx_word' id='word_1_296' title='bbox 215 3164 381 3228; x_wconf 77' lang='lat' dir='ltr'>stianp</span> <span class='ocrx_word' id='word_1_297' title='bbox 412 3164 687 3223; x_wconf 91' lang='lat' dir='ltr'>premendo</span> <span class='ocrx_word' id='word_1_298' title='bbox 717 3165 763 3211; x_wconf 89' lang='lat' dir='ltr'>le</span> <span class='ocrx_word' id='word_1_299' title='bbox 794 3176 931 3212; x_wconf 87' lang='lat' dir='ltr'>orme</span> <span class='ocrx_word' id='word_1_300' title='bbox 974 3164 1055 3212; x_wconf 90' lang='lat' dir='ltr'>dei</span> <span class='ocrx_word' id='word_1_301' title='bbox 1083 3165 1248 3225; x_wconf 85' lang='lat' dir='ltr'>fedeli,</span> <span class='ocrx_word' id='word_1_302' title='bbox 1279 3165 1298 3211; x_wconf 89' lang='lat' dir='ltr'>i</span> <span class='ocrx_word' id='word_1_303' title='bbox 1329 3165 1468 3225; x_wconf 87' lang='lat' dir='ltr'>quali</span> <span class='ocrx_word' id='word_1_304' title='bbox 1505 3177 1611 3212; x_wconf 89' lang='lat' dir='ltr'>una</span> <span class='ocrx_word' id='word_1_305' title='bbox 1656 3166 1793 3213; x_wconf 85' lang='lat' dir='ltr'>volta</span> <span class='ocrx_word' id='word_1_306' title='bbox 1834 3167 2115 3225; x_wconf 84' lang='lat' dir='ltr'>portavano</span> 
     </span>
     <span class='ocr_line' id='line_1_35' title="bbox 214 3238 2115 3300; baseline 0.001 -14"><span class='ocrx_word' id='word_1_307' title='bbox 214 3238 666 3298; x_wconf 83' lang='lat' dir='ltr'>spontaneamente</span> <span class='ocrx_word' id='word_1_308' title='bbox 696 3238 744 3285; x_wconf 86' lang='lat' dir='ltr'>ai</span> <span class='ocrx_word' id='word_1_309' title='bbox 775 3238 909 3297; x_wconf 90' lang='lat' dir='ltr'>piedi</span> <span class='ocrx_word' id='word_1_310' title='bbox 941 3239 1080 3298; x_wconf 82' lang='lat' dir='ltr'>degli</span> <span class='ocrx_word' id='word_1_311' title='bbox 1111 3239 1337 3298; x_wconf 88' lang='lat' dir='ltr'>Apostoli</span> <span class='ocrx_word' id='word_1_312' title='bbox 1368 3241 1385 3285; x_wconf 93' lang='lat' dir='ltr'>i</span> <span class='ocrx_word' id='word_1_313' title='bbox 1415 3240 1520 3287; x_wconf 91' lang='lat' dir='ltr'>loro</span> <span class='ocrx_word' id='word_1_314' title='bbox 1551 3241 1707 3300; x_wconf 85' lang='lat' dir='ltr'>averi‚</span> <span class='ocrx_word' id='word_1_315' title='bbox 1739 3240 1807 3287; x_wconf 90' lang='lat' dir='ltr'>ha</span> <span class='ocrx_word' id='word_1_316' title='bbox 1817 3241 1982 3288; x_wconf 87' lang='lat' dir='ltr'>finora</span> <span class='ocrx_word' id='word_1_317' title='bbox 2012 3254 2115 3289; x_wconf 88' lang='lat' dir='ltr'>cer-</span> 
     </span>
     <span class='ocr_line' id='line_1_36' title="bbox 214 3311 2115 3375; baseline 0.002 -15"><span class='ocrx_word' id='word_1_318' title='bbox 214 3312 327 3360; x_wconf 77' lang='lat' dir='ltr'>cato</span> <span class='ocrx_word' id='word_1_319' title='bbox 358 3312 409 3358; x_wconf 92' lang='lat' dir='ltr'>di</span> <span class='ocrx_word' id='word_1_320' title='bbox 441 3311 707 3360; x_wconf 86' lang='lat' dir='ltr'>rimediare</span> <span class='ocrx_word' id='word_1_321' title='bbox 737 3314 832 3360; x_wconf 87' lang='lat' dir='ltr'>alle</span> <span class='ocrx_word' id='word_1_322' title='bbox 863 3312 1032 3360; x_wconf 88' lang='lat' dir='ltr'>vostre</span> <span class='ocrx_word' id='word_1_323' title='bbox 1062 3313 1339 3375; x_wconf 88' lang='lat' dir='ltr'>strettezze,</span> <span class='ocrx_word' id='word_1_324' title='bbox 1373 3327 1401 3360; x_wconf 93' lang='lat' dir='ltr'>e</span> <span class='ocrx_word' id='word_1_325' title='bbox 1431 3327 1534 3361; x_wconf 93' lang='lat' dir='ltr'>non</span> <span class='ocrx_word' id='word_1_326' title='bbox 1566 3326 1705 3362; x_wconf 86' lang='lat' dir='ltr'>cessa</span> <span class='ocrx_word' id='word_1_327' title='bbox 1737 3316 1839 3361; x_wconf 86' lang='lat' dir='ltr'>mai</span> <span class='ocrx_word' id='word_1_328' title='bbox 1877 3316 1925 3362; x_wconf 91' lang='lat' dir='ltr'>di</span> <span class='ocrx_word' id='word_1_329' title='bbox 1958 3316 2115 3374; x_wconf 84' lang='lat' dir='ltr'>alleg-</span> 
     </span>
     <span class='ocr_line' id='line_1_37' title="bbox 215 3386 2114 3446; baseline 0.002 -12"><span class='ocrx_word' id='word_1_330' title='bbox 215 3386 402 3446; x_wconf 84' lang='lat' dir='ltr'>gerirle</span> <span class='ocrx_word' id='word_1_331' title='bbox 431 3386 862 3435; x_wconf 82' lang='lat' dir='ltr'>continuamente.</span> <span class='ocrx_word' id='word_1_332' title='bbox 898 3388 990 3435; x_wconf 89' lang='lat' dir='ltr'>Noi</span> <span class='ocrx_word' id='word_1_333' title='bbox 1037 3389 1300 3435; x_wconf 89' lang='lat' dir='ltr'>commossi</span> <span class='ocrx_word' id='word_1_334' title='bbox 1331 3389 1632 3435; x_wconf 88' lang='lat' dir='ltr'>dall&#39;intimo</span> <span class='ocrx_word' id='word_1_335' title='bbox 1665 3390 1743 3437; x_wconf 91' lang='lat' dir='ltr'>del</span> <span class='ocrx_word' id='word_1_336' title='bbox 1796 3403 1946 3438; x_wconf 86' lang='lat' dir='ltr'>cuore</span> <span class='ocrx_word' id='word_1_337' title='bbox 1978 3392 2114 3437; x_wconf 89' lang='lat' dir='ltr'>rimi-</span> 
     </span>
     <span class='ocr_line' id='line_1_38' title="bbox 213 3459 2108 3524; baseline 0.002 -18"><span class='ocrx_word' id='word_1_338' title='bbox 213 3460 372 3506; x_wconf 85' lang='lat' dir='ltr'>riamo</span> <span class='ocrx_word' id='word_1_339' title='bbox 403 3459 594 3508; x_wconf 81' lang='lat' dir='ltr'>coteste</span> <span class='ocrx_word' id='word_1_340' title='bbox 633 3473 788 3519; x_wconf 87' lang='lat' dir='ltr'>prove</span> <span class='ocrx_word' id='word_1_341' title='bbox 831 3462 882 3508; x_wconf 90' lang='lat' dir='ltr'>di</span> <span class='ocrx_word' id='word_1_342' title='bbox 929 3462 1080 3509; x_wconf 88' lang='lat' dir='ltr'>filiale</span> <span class='ocrx_word' id='word_1_343' title='bbox 1125 3461 1290 3522; x_wconf 55' lang='lat' dir='ltr'>pieta,</span> <span class='ocrx_word' id='word_1_344' title='bbox 1325 3462 1392 3509; x_wconf 79' lang='lat' dir='ltr'>ne</span> <span class='ocrx_word' id='word_1_345' title='bbox 1421 3462 1525 3509; x_wconf 86' lang='lat' dir='ltr'>mai</span> <span class='ocrx_word' id='word_1_346' title='bbox 1555 3464 1824 3511; x_wconf 86' lang='lat' dir='ltr'>lasceremo</span> <span class='ocrx_word' id='word_1_347' title='bbox 1857 3465 1909 3510; x_wconf 91' lang='lat' dir='ltr'>di</span> <span class='ocrx_word' id='word_1_348' title='bbox 1941 3465 2018 3511; x_wconf 84' lang='lat' dir='ltr'>far</span> <span class='ocrx_word' id='word_1_349' title='bbox 2048 3464 2108 3524; x_wconf 82' lang='lat' dir='ltr'>si,</span> 
     </span>
     <span class='ocr_line' id='line_1_39' title="bbox 214 3532 2111 3596; baseline 0.003 -16"><span class='ocrx_word' id='word_1_350' title='bbox 214 3533 306 3581; x_wconf 87' lang='lat' dir='ltr'>che</span> <span class='ocrx_word' id='word_1_351' title='bbox 335 3532 513 3593; x_wconf 86' lang='lat' dir='ltr'>questo</span> <span class='ocrx_word' id='word_1_352' title='bbox 542 3534 690 3582; x_wconf 88' lang='lat' dir='ltr'>santo</span> <span class='ocrx_word' id='word_1_353' title='bbox 719 3535 953 3583; x_wconf 87' lang='lat' dir='ltr'>incendio</span> <span class='ocrx_word' id='word_1_354' title='bbox 996 3547 1169 3584; x_wconf 83' lang='lat' dir='ltr'>acceso</span> <span class='ocrx_word' id='word_1_355' title='bbox 1199 3537 1280 3583; x_wconf 84' lang='lat' dir='ltr'>ne‘</span> <span class='ocrx_word' id='word_1_356' title='bbox 1300 3536 1427 3596; x_wconf 90' lang='lat' dir='ltr'>petti</span> <span class='ocrx_word' id='word_1_357' title='bbox 1474 3537 1552 3585; x_wconf 88' lang='lat' dir='ltr'>de’</span> <span class='ocrx_word' id='word_1_358' title='bbox 1572 3538 1717 3585; x_wconf 87' lang='lat' dir='ltr'>fedeli</span> <span class='ocrx_word' id='word_1_359' title='bbox 1764 3538 1914 3585; x_wconf 87' lang='lat' dir='ltr'>abbia</span> <span class='ocrx_word' id='word_1_360' title='bbox 1944 3538 2111 3585; x_wconf 87' lang='lat' dir='ltr'>nutri-</span> 
     </span>
     <span class='ocr_line' id='line_1_40' title="bbox 213 3608 2111 3675; baseline 0.002 -20"><span class='ocrx_word' id='word_1_361' title='bbox 213 3609 384 3668; x_wconf 80' lang='lat' dir='ltr'>mento</span> <span class='ocrx_word' id='word_1_362' title='bbox 413 3621 440 3655; x_wconf 91' lang='lat' dir='ltr'>e</span> <span class='ocrx_word' id='word_1_363' title='bbox 471 3608 665 3669; x_wconf 83' lang='lat' dir='ltr'>vigore,</span> <span class='ocrx_word' id='word_1_364' title='bbox 698 3622 726 3656; x_wconf 92' lang='lat' dir='ltr'>e</span> <span class='ocrx_word' id='word_1_365' title='bbox 755 3608 847 3657; x_wconf 88' lang='lat' dir='ltr'>che</span> <span class='ocrx_word' id='word_1_366' title='bbox 877 3608 999 3656; x_wconf 88' lang='lat' dir='ltr'>tutti</span> <span class='ocrx_word' id='word_1_367' title='bbox 1028 3609 1230 3674; x_wconf 71' lang='lat' dir='ltr'>cecitati</span> <span class='ocrx_word' id='word_1_368' title='bbox 1250 3610 1331 3663; x_wconf 79' lang='lat' dir='ltr'>dal</span> <span class='ocrx_word' id='word_1_369' title='bbox 1362 3609 1534 3661; x_wconf 83' lang='lat' dir='ltr'>nostro</span> <span class='ocrx_word' id='word_1_370' title='bbox 1554 3611 1772 3671; x_wconf 90' lang='lat' dir='ltr'>esempio</span> <span class='ocrx_word' id='word_1_371' title='bbox 1802 3623 1830 3659; x_wconf 92' lang='lat' dir='ltr'>e</span> <span class='ocrx_word' id='word_1_372' title='bbox 1852 3612 1916 3658; x_wconf 87' lang='lat' dir='ltr'>da</span> <span class='ocrx_word' id='word_1_373' title='bbox 1939 3612 2111 3675; x_wconf 70' lang='lat' dir='ltr'>quello</span> 
     </span>
    </p>
   </div>
  </div>
 </body>
</html>
