2488 4290
319 317 408 364 366

319 424 595 473 Ecclesiam
626 424 834 472 ausibus
865 425 1071 485 saeculi,
1104 438 1200 474 nec
1230 426 1395 484 ipsius
1425 423 1588 473 hostis
1619 425 1841 487 antiqui,
1874 427 2133 476 mendacis
2164 428 2228 475 ab

318 499 467 546 initio
497 500 735 547 motibus
754 500 906 547 corda
938 512 1032 555 sua
1060 500 1233 546 fideles
1263 499 1462 546 turbari
1493 499 1779 559 patiantur,
1820 501 1910 549 sed
1951 501 2230 560 vigilantes

321 575 527 634 pariter,
562 575 620 622 ut
650 575 884 634 propriae
913 574 1068 620 saluti
1099 573 1423 638 provideant,
1456 574 1631 622 sedulo
1653 577 1871 622 caveant
1895 587 1926 622 a
1945 577 2232 624 numerosis
2273 636 2275 638 Ι

322 649 619 709 mendaciiS,
643 661 776 710 quae
797 649 976 696 contra
997 648 1248 695 Ecclesiae
1268 648 1618 697 institutiones
1639 650 1690 697 et
1710 649 1870 697 vitam
1891 650 2230 710 sparguntur,

322 724 561 772 historiae
589 736 695 770 non
726 724 899 769 minus
931 735 1090 782 quam
1120 734 1275 769 sanae
1307 723 1495 769 rationi
1526 723 1753 771 adversa.

382 799 479 847 Sed
511 799 667 846 etiam
698 810 921 844 errorem
961 797 1165 844 illorum
1206 796 1482 856 reficimus,
1526 799 1615 858 qui
1662 798 1724 845 de
1765 798 2013 846 Ecclesiae
2055 811 2232 848 mune-

321 874 463 920 ribus
495 887 526 920 a
555 872 752 921 Christo
785 872 1002 919 Domino
1035 871 1259 930 acceptis
1290 883 1526 930 perverse
1556 872 1805 932 sentiunt,
1830 873 1953 919 dum
1974 873 2055 920 vel
2075 873 2234 920 solam

322 947 757 1005 praedicationem,
785 946 947 1005 verbi,
972 946 1023 992 et
1046 945 1495 993 Sacramentorum
1517 946 2014 995 administrationem
2035 947 2083 994 ei
2102 959 2235 994 com-

322 1021 494 1080 petere
525 1021 723 1079 dicunt,
755 1020 969 1067 minime
1000 1031 1121 1066 vero
1151 1019 1380 1066 fidelium
1411 1019 1682 1080 regimen3
1714 1022 1794 1068 vel
1817 1015 1978 1080 quum'
2000 1020 2234 1083 collatam

323 1096 573 1145 Ecclesiae
617 1095 948 1154 gubernandi
996 1093 1302 1153 potestatem
1347 1093 1554 1152 penitus
1596 1094 1840 1153 ignorare
1881 1094 1972 1142 vix
2018 1093 2233 1153 possint,
2318 1078 2321 1080 ’

323 1171 459 1216 illius
487 1170 664 1216 tamen
694 1169 913 1216 liberum
944 1167 1249 1216 exercitium
1279 1168 1343 1227 ab
1386 1168 1596 1215 arbitrio
1639 1169 1909 1216 hominum
1949 1167 2235 1228 dependere

324 1245 478 1303 impie
507 1242 844 1302 proclamant.
878 1243 1121 1300 Regnum
1143 1240 1331 1288 Christi
1354 1241 1562 1301 quidem
1583 1254 1688 1288 non
1711 1241 1787 1288 est
1808 1242 1869 1289 de
1890 1242 1986 1290 hoc
2007 1243 2232 1302 mundo;

326 1319 405 1366 ast
436 1318 701 1366 conditum
730 1317 786 1363 in
820 1316 1014 1363 mundo
1045 1316 1108 1362 ad
1139 1316 1519 1379 procurandam
1548 1315 1819 1363 hominum
1839 1317 2056 1364 salutem
2077 1317 2235 1365 aeter-

328 1407 448 1440 nam
479 1394 622 1450 ade0,
656 1393 716 1439 ut
747 1393 810 1439 ab
842 1391 928 1439 illo
959 1404 1127 1452 neque
1147 1392 1319 1438 Novae
1339 1390 1492 1450 Legis
1514 1390 1880 1451 Sacerdotium,
1903 1403 2070 1451 neque
2089 1403 2235 1439 sacra

327 1468 554 1516 fidelium
586 1467 895 1527 gubernatio
926 1467 1100 1514 abesse
1133 1467 1304 1527 queat.
1339 1465 1573 1526 Cumque
1603 1466 1825 1514 Ecclesia
1846 1466 2094 1515 catholica
2123 1481 2234 1527 per-

328 1544 516 1591 fectam
548 1543 804 1591 societatis
835 1543 1048 1590 formam
1082 1543 1133 1589 vi
1165 1542 1370 1589 divinae
1401 1553 1524 1588 suae
1553 1538 1895 1590 institutionis
1925 1542 2231 1592 obtinuerit:

330 1631 390 1666 ea
420 1618 634 1677 proinde
662 1608 899 1664 libertate
928 1618 1115 1675 pollere
1158 1616 1323 1675 debet,
1366 1617 1427 1662 ut
1469 1628 1574 1662 non
1615 1616 1823 1663 tantum
1864 1617 1920 1662 in
1962 1619 2106 1677 sacro>
2143 1631 2234 1667 suo

331 1692 614 1740 ministerio
657 1692 787 1738 nulli
828 1692 966 1739 civili
1008 1690 1247 1749 potestati
1285 1690 1544 1738 subiaceat
1588 1689 1670 1750 (l),
1714 1691 1801 1738 sed
1836 1691 1996 1739 libera
2033 1705 2236 1754 quoque

334 1769 385 1814 et
414 1769 762 1826 independens
793 1766 863 1812 sit
892 1767 949 1812 in
980 1766 1238 1825 regimine
1268 1777 1484 1811 suorum
1515 1766 1580 1811 ad
1603 1764 1766 1811 vitam
1795 1765 2072 1813 aeternam.
2096 1767 2238 1814 Chri-

334 1843 446 1889 stus
475 1843 725 1888 Dominus
757 1840 894 1887 sicut
925 1841 1033 1898 ipse
1064 1840 1253 1886 missus
1285 1852 1316 1885 a
1347 1838 1498 1885 Patre
1519 1838 1706 1897 fuerat,
1731 1839 1854 1885 alios
1876 1839 2036 1898 elegit
2055 1853 2239 1900 eosque

334 1916 476 1963 misit
506 1916 788 1974 Apostolos,
822 1926 950 1972 quos
981 1913 1160 1960 audiat
1193 1926 1326 1971 grex
1358 1912 1537 1970 fideliS,
1570 1913 1626 1957 in
1659 1924 1760 1970 quo
1792 1912 1843 1959 et
1875 1914 2111 1971 deinceps
2132 1914 2242 1972 Spi-
2295 1971 2300 1978 Ι

334 1990 468 2036 ritus
498 1990 708 2037 sanctus
739 1988 915 2046 posuit
945 1988 1215 2045 Episcopos
1247 1999 1430 2045 regere
1459 1986 1736 2032 Ecclesiam
1772 1987 1880 2033 Dei.
1923 1986 2239 2048 Apostolicae

336 2063 604 2122 potestatis
636 2063 686 2110 et
715 2061 968 2109 libertatis
999 2061 1289 2109 haereditas
1331 2059 1621 2107 Sacerdotio
1665 2060 1876 2119 credita,
1920 2061 2097 2108 ordine
2137 2062 2242 2109 hie-

336 2139 565 2185 rarchico
598 2136 842 2196 disposito
867 2147 1155 2194 numquam
1178 2135 1390 2182 deficere
1411 2133 1578 2192 potest
1598 2134 1654 2179 in
1675 2134 1912 2193 Ecclesia,
1936 2147 2068 2192 quae
2089 2148 2240 2194 super

336 2211 671 2258 fundamento
697 2210 1064 2268 Apostolorum
1095 2208 1364 2256 aedificata
1396 2207 1512 2254 fuit.
1548 2207 1731 2254 Potens
1773 2207 1949 2272 autem
1979 2208 2056 2255 est
2086 2210 2239 2266 DeUS,

338 2287 427 2344 qui
459 2286 614 2332 etiam
644 2286 884 2344 fragilem
915 2276 1161 2331 naturam
1182 2283 1464 2329 humanam
1485 2283 1551 2329 ad
1571 2280 1918 2328 ministerium
1939 2282 2135 2329 aeterni
2156 2285 2238 2329 sui

338 2360 535 2407 consilii
566 2358 871 2417 corroboret,
906 2359 1031 2404 dum
1063 2357 1314 2404 Ecclesiae
1346 2369 1469 2402 suae
1501 2354 1663 2413 spirat
1694 2355 2152 2413 incorruptionem.
2187 2357 2241 2404 Si

337 2436 391 2480 in
423 2447 482 2480 ea
515 2435 770 2480 caducum
801 2433 882 2479 vel
922 2433 1074 2478 labile
1112 2432 1238 2490 quid
1278 2430 1562 2489 invenitur,
1608 2430 1674 2492 ad
1719 2429 2006 2488 hominum,
2053 2431 2242 2488 quibus

338 2508 555 2568 constat,
603 2507 958 2554 infirmitatem
1005 2507 1087 2553 vel
1133 2505 1288 2552 etiam
1334 2504 1586 2557 malitiam
1627 2503 1866 2563 pertinet,
1913 2515 2244 2562 nequaquam

339 2596 459 2630 vero
491 2583 556 2629 ad
588 2595 701 2628 eam
730 2583 913 2639 ipsam,
947 2593 1080 2639 quae
1112 2577 1427 2626 immaculati
1463 2579 1606 2637 Agni
1649 2589 1848 2643 sponsa,
1892 2578 2002 2624 sine
2042 2579 2242 2624 macula

340 2657 390 2703 et
420 2669 559 2714 ruga
589 2655 682 2715 est,
715 2655 1104 2713 promissionem
1134 2654 1330 2701 habens
1360 2652 1654 2699 Dominicae
1675 2651 1991 2710 praesentiae
2013 2650 2064 2699 et
2094 2651 2241 2710 iugis

340 2731 524 2779 auxilii
556 2730 779 2788 Spiritus
809 2729 991 2776 sancti.

696 2893 791 2938 De
823 2889 1146 2938 Primatu
1176 2886 1477 2936 Romani
1507 2884 1885 2961 Pontifici&

400 3044 674 3092 Reiicimus
704 3054 854 3100 porro
887 3053 1110 3089 errorem
1140 3040 1363 3098 illorum,
1397 3039 1487 3096 qui
1528 3038 1717 3084 alicubi
1759 3038 2032 3085 Ecclesiam
2077 3038 2247 3086 catho-

341 3122 493 3166 licam
524 3116 740 3165 existere
770 3115 914 3174 posse
947 3113 1227 3162 autumant
1258 3114 1450 3170 absque
1488 3111 1706 3158 unitatis
1748 3112 1953 3158 vinculo
1995 3125 2115 3158 cum
2157 3113 2245 3158 Ec-

246 3251 265 3266 ·
344 3193 495 3240 clesia
526 3193 782 3249 Romana,
836 3207 857 3230 «
887 3190 942 3234 in
975 3200 1078 3246 qua
1109 3200 1303 3245 semper
1335 3188 1399 3233 ab
1431 3187 1528 3244 his,
1562 3186 1653 3243 qui
1687 3184 1813 3231 sunt
1849 3186 2097 3244 undique,
2130 3197 2246 3232 con-

344 3266 546 3315 servata
577 3264 654 3311 est
685 3275 761 3322 ea,
795 3275 927 3321 quae
958 3262 1034 3308 est
1073 3262 1136 3308 ab
1185 3260 1438 3318 Apostolis
1483 3258 1694 3306 traditio
1725 3276 1746 3301 »
1789 3257 1868 3319 (2).
1918 3258 2109 3318 Sciant,
2161 3271 2246 3306 ne·
2279 3246 2283 3247 ⁷

409 3479 470 3540 (l)
504 3478 601 3525 Lit.
638 3475 811 3535 Apost.
845 3475 894 3522 S.
931 3476 989 3521 D.
1025 3475 1102 3521 Pii
1134 3474 1226 3519 ΡΡ.
1263 3474 1335 3519 IX
1372 3475 1432 3521 de
1464 3474 1546 3520 die
1575 3471 1635 3519 26
1665 3470 1819 3518 mart.
1857 3471 1989 3519 1860.

411 3554 472 3614 (2)
507 3553 555 3600 S.
591 3555 828 3602 irenaeus
857 3550 974 3598 adv.
1007 3549 1223 3607 haeres„
1255 3549 1344 3595 lib.
1378 3548 1426 3604 3,
1460 3559 1570 3612 cap.
1604 3546 1650 3606 3,
1685 3557 1813 3591 num
1842 3544 1886 3592 2.
