2488 4290
330 315 416 361 142

328 437 447 474 care
483 424 663 489 quoad
709 422 873 476 fidem
916 428 968 476 et
1008 422 1295 490 dogmata;
1346 437 1538 475 verum
1576 424 1742 476 etiam
1779 424 2002 478 subesse
2040 428 2219 493 quoad

327 510 462 560 ritus
501 515 555 561 et
592 509 892 576 disciplina.

398 596 510 656 Qua
546 596 605 647 in
642 612 697 647 re
734 611 802 648 ne
828 598 1225 663 praetermittas
1262 596 1544 648 Armenios
1582 613 1890 663 omnesque
1930 598 2223 654 Orientales

328 683 565 745 edocere,
609 688 876 748 quantum
909 682 1243 733 discriminis
1279 682 1627 749 disciplinam
1661 684 1806 735 inter
1845 689 1898 735 et
1934 685 2104 736 ritum
2140 685 2225 737 in-

329 769 583 831 tercedat,
647 768 804 819 cuius
876 768 1166 832 utriusque
1236 769 1313 819 rei
1371 768 1620 820 confusio
1676 768 1904 821 illorum
1971 768 2224 822 fidelium

327 860 572 906 mentem
622 854 926 920 perturbat,
979 852 1227 920 pluribus
1278 853 1608 920 iniustisque
1662 856 2022 921 querimoniis
2073 872 2227 909 occa-

325 941 537 992 sionem
588 940 845 1007 praebere
895 954 1009 991 non
1062 946 1251 1003 cessat,
1311 955 1482 1006 eaque
1530 941 1765 994 maxime
1817 943 2115 995 abutuntur
2156 943 2224 998 ad

327 1026 671 1078 conflandam
711 1032 897 1077 contra
933 1026 1302 1091 Apostolicam
1329 1026 1522 1080 Sedem
1556 1028 1823 1081 invidiam
1850 1029 1892 1080 ii
1919 1031 2109 1081 omnes
2131 1029 2225 1098 qui
2297 1069 2299 1074 ,

325 1112 616 1165 salutarem
655 1112 900 1164 eiusdem
939 1113 1094 1165 Sedis
1133 1113 1407 1166 actionem
1448 1122 1500 1166 et
1536 1115 1651 1166 vim
1689 1115 1747 1166 in
1799 1113 2096 1167 Orientales
2134 1117 2227 1167 Ec-

327 1199 520 1251 clesias
559 1198 830 1265 impedire
870 1205 965 1250 aut
1000 1199 1332 1251 imminuere
1372 1201 1600 1252 minime
1638 1207 1915 1253 verentur.
1960 1202 2226 1268 Equidem

324 1286 428 1337 Nos
469 1300 581 1336 una
619 1300 744 1336 cum
793 1286 1300 1337 Praedecessoribus
1337 1286 1544 1338 Nostris
1599 1287 1896 1339 Orientales
1942 1289 2082 1339 ritus
2118 1302 2227 1339 ser·

323 1372 528 1423 vandos
578 1385 690 1422 esse
741 1370 1148 1437 declaravimus,
1215 1373 1446 1437 quoties,
1507 1387 1685 1439 neque
1735 1372 1868 1424 fidei
1926 1378 1978 1424 et
2024 1373 2224 1424 unitati

325 1455 623 1508 catholicae
649 1463 1033 1523 repugnarent,
1066 1471 1247 1523 neque
1277 1457 1671 1510 ecclesiasticae
1700 1459 2026 1523 derogarent
2049 1459 2226 1512 hone-

325 1544 464 1594 stati.
511 1542 663 1602 Quod
702 1542 930 1608 quidem
956 1543 1187 1594 minime
1224 1543 1471 1610 impedit,
1505 1546 1811 1611 quominus
1850 1546 1911 1596 in
1947 1545 2037 1597 his
2073 1559 2226 1612 prae-

322 1629 510 1680 sertim
548 1642 687 1694 quae
723 1627 1160 1680 Ecclesiasticum
1198 1629 1446 1694 regimen
1499 1631 1802 1698 respiciunt
1840 1630 2106 1683 canonica
2143 1629 2226 1681 di-

324 1714 554 1783 sciplina
589 1716 770 1781 quoad
795 1715 1085 1782 praecipua
1124 1715 1323 1768 saltem
1356 1716 1535 1783 capita
1571 1717 1780 1783 ubique
1820 1717 2129 1782 cohaereat,
2172 1722 2226 1768 et

326 1803 420 1854 ubi
469 1803 675 1853 incerta
723 1800 809 1853 vel
860 1802 1099 1868 collapsa
1150 1802 1318 1853 fuerit
1366 1805 1702 1854 restituatur.
1776 1804 1956 1869 Neque
2007 1804 2074 1856 ab
2122 1803 2227 1856 hoc

322 1903 567 1955 unquam
606 1889 965 1951 deflectemuS‚
1001 1895 1163 1954 prout
1188 1887 1480 1955 Apostolici
1504 1890 1675 1940 nostri
1705 1889 1993 1940 ministerii
2020 1903 2226 1941 munus

327 1967 557 2027 omnino
595 1974 850 2041 postulat.
895 1978 1060 2039 Atque
1096 1974 1302 2026 idcirco
1349 1989 1413 2026 eo
1454 1973 1683 2026 consilio
1724 1976 1975 2027 Nostram
2023 1975 2225 2027 Consti-

327 2061 597 2112 tutionem
647 2060 922 2112 edidimus
972 2059 1038 2113 IV
1093 2060 1217 2112 Idus
1268 2059 1433 2112 Iulias
1483 2076 1567 2112 an.
1637 2060 2022 2114 MDCCCLXVII
2069 2061 2224 2114 cuius

327 2263 389 2310 ed
422 2262 471 2307 ai
517 2262 738 2319 dommi;
772 2274 856 2307 ma
886 2274 1074 2308 ancora
1104 2273 1266 2309 essere
1298 2274 1328 2307 a
1361 2262 1457 2308 Lui
1505 2262 1736 2321 soggetti
1768 2262 2018 2322 riguardo
2058 2263 2108 2311 ai
2138 2262 2226 2310 riti
2263 2262 2265 2264 ’

327 2350 354 2384 0
386 2338 486 2383 3113
517 2337 803 2394 disciplina.

386 2413 477 2458 Per
507 2412 557 2457 13
588 2412 708 2468 qual
739 2423 871 2470 cosa,
904 2423 1005 2457 non
1036 2411 1331 2458 tralasciare
1364 2412 1416 2457 di
1436 2411 1715 2470 insegnare
1738 2412 1845 2471 agli
1868 2414 2077 2459 Armeni
2109 2413 2171 2460 ed
2195 2425 2227 2459 a

325 2486 452 2532 tutti
482 2486 560 2545 gli
581 2485 826 2533 Orientali
858 2485 1053 2543 quanta
1076 2486 1347 2533 differenza
1378 2499 1521 2534 corra
1552 2487 1632 2534 tra
1663 2487 1681 2532 i
1712 2487 1801 2538 riti
1821 2500 1847 2534 e
1867 2488 1917 2533 la
1939 2487 2223 2548 disciplina,

324 2564 374 2610 la
405 2561 704 2608 confusione
734 2561 863 2607 delle
894 2561 1035 2618 quali
1070 2562 1166 2608 due
1215 2574 1327 2608 cose
1359 2561 1513 2609 turba
1544 2562 1595 2608 la
1625 2560 1800 2608 mente
1830 2562 1882 2608 di
1913 2561 2031 2619 quei
2059 2562 2224 2621 fedeli,

326 2648 430 2682 non
461 2647 600 2682 cessa
632 2635 683 2681 di
715 2636 837 2681 dare
859 2636 1123 2682 occasione
1155 2648 1186 2681 a
1216 2636 1361 2682 molti
1398 2637 1460 2683 ed
1493 2635 1719 2695 ingiusti
1736 2634 1965 2694 lamenti,
1988 2648 2015 2682 e
2046 2637 2099 2683 di
2117 2648 2228 2683 essa

327 2711 554 2757 abusano
585 2708 1012 2768 massimamente‚
1045 2721 1134 2767 per
1165 2709 1381 2757 eccitare
1408 2709 1606 2757 invidia
1652 2710 1830 2756 contro
1860 2710 1910 2755 la
1941 2709 2067 2757 Sede
2098 2711 2227 2769 Apo—

325 2785 516 2844 stolica,
549 2783 675 2830 tutti
701 2786 864 2830 coloro
897 2785 989 2832 che
1011 2797 1114 2830 11011
1145 2786 1188 2831 si
1219 2785 1451 2842 peritano
1474 2783 1638 2843 punto
1674 2785 1728 2831 di
1751 2784 1994 2842 impedire
2025 2797 2053 2830 0
2084 2785 2228 2831 dimi-

326 2861 473 2907 nuire
500 2861 550 2906 la
580 2859 804 2906 salutare
834 2861 1008 2907 azione
1040 2861 1102 2907 ed
1133 2859 1358 2907 autorita
1388 2860 1518 2907 della
1548 2859 1709 2907 stessa
1744 2859 1870 2907 Sede
1900 2860 2031 2907 nelle
2052 2860 2229 2908 Ghiese

326 2935 573 2982 orientali.
609 2934 959 2992 Avvegnache
989 2935 1081 2981 Noi
1114 2934 1191 2981 001
1219 2934 1381 2981 nostri
1414 2934 1759 2992 predecessori
1779 2933 2012 2980 abbiamo
2042 2933 2228 2981 dichia-

325 3010 436 3056 rato
466 3008 665 3055 doversi
696 3020 996 3055 conservare
1026 3009 1043 3054 i
1075 3009 1164 3055 riti
1205 3008 1441 3055 orientali
1485 3008 1613 3068 ogni
1643 3006 1906 3066 qualvolta
1938 3020 2043 3054 non
2076 3020 2227 3067 repu-

291 3089 295 3092 ’
327 3084 490 3144 gnino
521 3083 621 3129 alla
651 3082 761 3129 fede
792 3095 819 3129 0
869 3083 1108 3129 all'unita
1138 3082 1389 3142 cattolica‚
1423 3082 1488 3129 110
1533 3083 1801 3130 offendano
1848 3081 2226 3130 l'ecclesiastico

327 3161 521 3207 decoro,
555 3158 627 3203 La
657 3158 775 3216 qual
798 3168 911 3203 cosa
943 3170 1045 3203 non
1066 3158 1354 3217 impedisce,
1388 3158 1480 3205 che
1503 3156 1935 3215 principalmente
1954 3157 2085 3204 nelle
2115 3169 2228 3205 cose

325 3233 532 3281 relative
553 3233 601 3278 al
632 3243 860 3290 governo
885 3232 1238 3291 ecclesiastico,
1261 3234 1311 3278 la
1332 3232 1578 3279 canonica
1610 3232 1886 3289 disciplina
1907 3231 1982 3277 sia
2017 3231 2227 3290 dapper-

326 3308 464 3355 tutto
496 3304 748 3365 coerente,
795 3307 995 3353 almeno
1027 3307 1107 3353 ne’
1142 3308 1254 3353 suoi
1294 3307 1447 3366 punti
1493 3306 1784 3365 principali,
1818 3318 1845 3352 e
1876 3305 2003 3351 dove
2047 3304 2122 3351 sia
2150 3306 2228 3352 iu-

328 3383 466 3430 certa
486 3394 515 3428 0
538 3382 652 3428 fuor
674 3381 837 3439 d’us0,
862 3393 1036 3439 venga
1056 3380 1341 3428 ristabilita.
1381 3380 1470 3440 Ne,
1495 3387 1643 3428 come·
1655 3379 1802 3439 esige
1833 3378 2226 3427 assolutamente

326 3457 527 3504 l’officio
559 3456 638 3504 del
668 3455 841 3502 nostro
866 3454 1145 3514 minister0‚
1171 3455 1474 3502 travieremo
1505 3456 1572 3501 da
1603 3453 1798 3513 questo.
1834 3454 1873 3500 E
1894 3465 1989 3501 0011
2020 3452 2120 3501 1310
2151 3454 2224 3500 di·

325 3531 609 3583 visamento
638 3531 871 3580 abbiamo
893 3529 1012 3588 dato
1037 3530 1088 3589 la
1117 3529 1292 3591 nostra
1311 3528 1652 3587 Costituzione
1675 3528 1755 3591 del
1776 3529 1805 3575 4
1826 3527 1877 3576 di
1898 3528 2063 3588 luglio
2087 3527 2222 3604 18673
