2488 4290
756 604 787 655 I
816 604 885 656 N
913 604 969 656 T
996 605 1026 655 Ι
1051 604 1129 656 Μ
1154 603 1222 655 Α
1242 603 1298 655 Τ
1324 603 1354 654 1
1377 601 1437 658 O

224 714 324 772 per
355 713 594 753 cursores
625 698 901 769 facienda,
943 698 1093 753 domi
1127 714 1335 771 quoque
1368 696 1593 752 dimisso
1627 687 1948 772 exemplari.

206 818 302 870 Die
338 818 802 884 vigesimaquarta
858 817 1047 886 aprilis
1085 818 1216 870 anni
1258 818 1409 881 1870,
1456 817 1738 870 dominica
1774 819 1833 868 in
1870 816 2031 880 Albis,

33 917 37 922 ·
138 904 265 956 hora
298 917 428 955 nona
465 903 906 969 antimeridiana,
949 904 1009 953 in
1048 903 1396 971 patriarchali
1445 901 1673 956 Basilica
1710 904 1759 956 S.
1804 904 1944 956 Petri
1983 903 2041 954 in

139 988 394 1042 Vaticano
432 988 725 1041 habebitur
762 988 940 1041 Sessio
978 989 1047 1039 III
1087 990 1222 1042 sacri
1262 989 1490 1042 Concilii
1528 991 1884 1043 oecumenici.

209 1076 350 1127 R.mi
389 1081 440 1128 et
476 1075 621 1128 R.mi
658 1075 755 1125 DD.
811 1075 1120 1127 Cardinales
1174 1075 1393 1128 vestibus
1449 1075 1619 1128 rubris
1675 1078 1858 1129 induti
1914 1091 2042 1130 cum

139 1160 320 1214 calceis
354 1160 517 1226 myris
553 1160 814 1212 accedent
851 1162 918 1213 al
956 1169 1318 1213 memoratam
1357 1161 1657 1226 Basilicam,
1692 1163 1787 1215 ubi
1817 1163 2042 1215 adorato

138 1251 243 1300 SS.
290 1251 747 1309 sacramento,
792 1254 1109 1313 paramenta
1158 1248 1343 1298 coloris
1397 1248 1543 1298 rubri
1600 1250 1799 1315 cuique
1858 1249 2042 1300 ordini

143 1334 363 1402 propria
399 1338 679 1384 assument
716 1337 769 1382 et
805 1338 991 1397 petent
1026 1332 1283 1385 subsellia
1321 1335 1377 1385 in
1419 1333 1546 1386 aula
1583 1335 1878 1387 conciliari.

214 1420 359 1471 R.mi
396 1419 495 1471 ΠΙ).
538 1417 894 1481 Patriarchae,
938 1419 1216 1482 PrimateS,
1261 1420 1680 1488 Archiepiscopi,
1725 1422 1970 1489 Episcopi
1997 1428 2048 1476 et

144 1505 372 1559 Abbates
396 1503 582 1557 locum
608 1505 667 1554 in
695 1504 939 1557 Concilio
966 1505 1247 1569 habenteS,
1282 1506 1503 1558 adorato
1531 1514 1591 1558 ut
1616 1523 1782 1574 supra
1805 1512 1903 1559 SS.
1937 1512 2047 1560 Sn-

147 1598 520 1658 cramento,
550 1593 607 1642 in
635 1597 820 1659 parato
848 1589 1047 1643 sacello
1074 1590 1123 1641 S.
1152 1590 1452 1644 Sebastiani
1472 1598 1648 1645 vestes
1667 1609 1844 1646 sacras
1868 1594 2050 1646 coloris

139 1672 292 1731 'rubri
308 1676 969 1730 sibidebitasinduentet
993 1677 1051 1726 in
1090 1676 1275 1729 aulam
1314 1678 1656 1743 praedictam
1697 1681 2052 1732 convenienta

218 1763 375 1816 Missa
409 1762 601 1815 Votiva
637 1764 704 1816 de
742 1763 950 1830 Spiritu
989 1763 1184 1815 Sancto
1225 1764 1534 1816 cantabitur
1554 1768 1621 1817 ab
1641 1768 1793 1817 E.mo
1821 1771 1874 1818 et
1892 1766 2051 1818 R.mo

150 1851 207 1903 D.
241 1849 511 1902 Cardinali
537 1848 696 1915 Baio,
727 1850 785 1900 in
810 1865 917 1916 qua
944 1849 1258 1901 obedientia
1283 1851 1729 1902 sanctissflmo
1758 1854 2053 1903 Domino

153 1941 395 1988 Nostro
431 1923 548 2005 non*
582 1936 966 2003 praestabitur,
1009 1950 1192 2002 neque
1233 1936 1368 1987 fient
1406 1936 1597 1988 circuli
1636 1940 1900 1990 consueti.

226 2021 441 2091 Expleta
476 2023 630 2075 Missa
664 2028 895 2074 statutae
936 2037 1120 2090 preces
1158 2023 1306 2073 iuxta
1345 2022 1600 2075 Ordinem
1652 2024 2087 2091 persolventur„

155 2109 355 2176 quibus
393 2108 658 2162 absolutis
708 2108 1033 2174 suffragium
1089 2109 1306 2161 dabitur
1353 2123 1384 2160 a
1434 2109 1682 2161 Patribus
1739 2126 1803 2162 ea
1858 2111 2051 2178 forma,

157 2195 628 2263 quae‘prescripta
666 2203 748 2248 est
783 2197 841 2247 in
880 2197 1093 2246 monito
1131 2211 1164 2246 a
1200 2196 1358 2247 R.mo
1395 2197 1655 2263 Episcopo
1683 2196 2057 2265 Sf-Hippolyti

159 2279 382 2334 Concilii
418 2281 718 2336 Secretario
758 2282 848 2333 die
892 2282 954 2332 18
994 2283 1256 2333 vertentis
1295 2282 1502 2333 mensis
1542 2283 1810 2348 evulgato.

229 2366 559 2420 Intimentur
594 2370 778 2435 itaque
818 2355 1008 2421 omnes
1048 2375 1101 2420 et
1139 2368 1345 2434 singuli
1383 2369 1521 2419 R.mi
1561 2376 1613 2420 et
1639 2370 1784 2421 R.mi
1810 2369 1909 2421 DD.
1941 2370 2060 2422 Car-

162 2452 391 2518 dinales,
435 2455 582 2506 R.mi
620 2455 719 2507 DD.
765 2455 1123 2517 Patriarchae,
1170 2455 1896 2523 PrimateS,·Archiepiscopi,
1942 2457 2062 2524 Epi-

162 2542 328 2608 scopi,
388 2541 613 2594 Abbates
652 2547 705 2594 et
740 2541 988 2608 supremi
1042 2538 1399 2592 Moderatores
1457 2542 1951 2608 congregationum
2010 2548 2063 2594 et

165 2625 430 2680 ordinum
489 2627 829 2694 regularium
885 2641 943 2677 ex
997 2626 1299 2693 Apostolica
1357 2631 1702 2681 concessione
1758 2626 1945 2681 locum
2003 2629 2064 2679 in

165 2711 405 2767 Concilio
442 2713 700 2767 Vaticano
738 2714 1014 2766 habentes.

235 2800 567 2853 Intimentur
601 2815 818 2868 quoque
857 2799 1364 2866 vice-Camerarius,
1396 2802 1650 2870 Princeps
1677 2801 1813 2854 Solii
1834 2801 2066 2854 Concilil

168 2892 366 2950 custos,
410 2887 466 2939 R.
512 2888 562 2939 C.
607 2889 660 2937 A.
705 2886 934 2939 Auditor
970 2893 1023 2938 et
1059 2885 1469 2951 Thesaurarius,
1498 2890 1731 2940 Antistes
1752 2888 2070 2940 Pontificiae

171 2970 365 3025 domui
401 2973 759 3040 praepositus,
804 2973 1033 3025 Senator
1069 2978 1123 3024 et
1161 2972 1574 3026 Conservatores
1601 2973 1773 3039 Urbis,
1817 2974 2069 3039 Magister

173 3058 223 3110 S.
255 3058 504 3126 Hospitii,
550 3059 916 3111 Protonotarii
956 3058 1022 3110 de
1061 3072 1294 3112 numero
1333 3060 1778 3128 participantium
1802 3061 2064 3127 quinque,

171 3144 456 3197 Auditores
491 3144 656 3198 Rotae
692 3150 942 3211 quatuor,
985 3142 1177 3197 Clerici
1235 3145 1488 3198 Gamerae
1543 3146 1884 3212 Apostolicae
1935 3147 2068 3214 du0,

173 3228 429 3284 Votantes
468 3231 784 3294 Signaturae
823 3235 1078 3297 quatuor,
1126 3231 1534 3284 Abbreviatores
1572 3232 1639 3284 de
1676 3248 1836 3299 parco
1876 3233 2072 3284 maiori

177 3314 309 3384 du0‚
351 3315 616 3370 officiales
654 3316 898 3369 Concilii.
943 3345 1009 3356 —
1049 3318 1122 3369 De
1161 3314 1418 3371 mandato
1457 3318 1542 3371 SS.
1589 3319 1644 3371 D.
1690 3319 1748 3371 N.
1793 3320 1981 3387 Papae,

427 3418 670 3471 ALolsms
708 3419 956 3483 Fanniam,
1003 3414 1272 3472 Protonot.
1316 3419 1496 3489 Apost.
1547 3420 1765 3474 Caerem.
1812 3419 2003 3484 Praes.
