2488 4290
13 4284 21 4290 ι
20 4231 22 4236 ,
13 4190 15 4210 -2
8 4061 21 4105 ’.ψ’
11 4021 14 4027 >
14 3971 19 3976 .
5 3899 22 3925 1⁴
3 3854 17 3874 “-
7 3819 18 3827 ῑ
4 3776 18 3798 L<
15 3744 17 3746 .
3 3671 19 3703 ν’
0 3614 6 3635 ‘'
0 3578 2 3581 ’
0 3531 2 3534 ’
0 3485 7 3498 “’
2 3423 12 3474 ··”
11 3396 13 3398 ·

12 4059 59 4290 *sertae
18 3921 45 4038 -.Ν.-
31 3691 35 3701 «
47 3393 51 3398 .

66 4239 74 4247 s
71 4110 74 4113 ,
66 3659 69 3663 ,
65 3635 68 3637 ,
65 3598 71 3604 ,
62 3531 63 3534 „

1918 215 2003 264 281

20 302 26 371 ζ
92 298 417 356 renensium
467 312 781 363 numerum,
835 300 933 366 qui
984 301 1044 352 in
1096 316 1161 354 ea
1214 308 1588 368 recensentur,
1649 302 1884 358 Dilectus
1921 306 2005 357 Fi·

29 398 38 453 J
92 385 201 440 lius
228 383 525 452 religiosus
556 384 640 436 vir
674 381 908 438 Aleisius
947 385 1120 438 Artini
1160 387 1322 441 Nobis
1361 388 1736 442 exhibendum
1776 391 1995 443 curavit.

23 468 37 543 J
93 471 422 539 agnovimus
465 469 629 523 etiam
675 475 946 535 aegrotae,
1000 472 1098 538 qui
1138 470 1527 539 religiosorum
1566 475 1813 528 virorum
1851 475 1999 528 infir-

34 576 45 628 ς
95 559 202 612 mis
237 555 684 610 ministrantium
724 554 927 610 auxilio
975 564 1028 608 et
1075 573 1177 625 ope
1219 558 1507 627 iuvantur,
1550 567 1604 613 et
1640 561 1790 628 ipsos
1834 562 2000 614 etiam

44 648 50 715 s
94 645 154 698 in
190 644 300 697 hoc
336 648 614 696 certamen
652 641 867 709 pietatis
900 642 1173 708 ingressos
1213 659 1327 697 esse
1367 660 1493 698 cum
1534 646 1705 699 iidem
1746 661 1876 699 suae
1915 662 2003 699 ae-

44 786 46 790 ,
94 729 415 798 grotationis
481 726 774 780 tolerantia
835 727 944 780 Deo
1010 728 1291 781 offerenda
1351 737 1405 783 et
1474 731 1581 797 piis
1637 723 2004 786 oblationibus

29 847 57 870 -,
93 814 270 868 missis
306 828 474 868 suum
513 812 675 866 Nobis
723 811 974 865 studium
1031 819 1084 865 et
1136 822 1353 868 sanctae
1403 814 1702 881 Religionis
1757 829 2000 869 amorem

94 901 278 955 testari
313 899 667 975 contendant.
711 899 892 966 Neque
945 915 1109 966 porro
1164 902 1456 967 praeterire
1496 917 1788 969 possumus
1846 903 1997 971 pium

49 1015 53 1018 ⁴
92 986 334 1043 aliorum
359 1002 421 1039 ex
444 985 577 1038 'l'uis
601 983 952 1037 Dioecesanis
998 984 1279 1052 affectum,
1320 986 1414 1052 qui
1456 1002 1632 1056 nuper
1673 989 1836 1041 Nobis
1882 1004 2004 1042 sua-

46 1094 52 1101 ·
92 1088 216 1126 rum
252 1071 612 1138 largitionum
655 1069 903 1123 subsidia
952 1084 1153 1136 magno
1196 1072 1441 1139 ipsorum
1482 1088 1714 1127 numero
1755 1075 2006 1127 contule·

90 1163 238 1212 runt.
282 1158 427 1212 Haec
462 1157 653 1212 omnia
678 1156 897 1226 pietatis
925 1157 1118 1219 officia,
1150 1158 1505 1212 Venerabilis
1543 1161 1739 1225 Frater,
1784 1161 1842 1211 in
1879 1161 2003 1226 qui-

91 1244 209 1299 bus-
231 1245 334 1298 Tui
371 1241 665 1312 pastoralis
705 1242 806 1295 zeli
849 1244 1145 1311 praecipua
1172 1242 1294 1297 laus
1321 1245 1533 1310 emicat,
1574 1260 1806 1312 magnae
1843 1245 2002 1299 Nobis

32 1387 35 1390 ,
92 1330 460 1386 consolationi
495 1329 743 1396 fuerunt,
798 1342 939 1397 quae
990 1329 1127 1382 dum
1178 1329 1507 1384 Veronensis
1560 1331 1799 1384 Civitatis
1855 1337 2001 1383 vete-

7 1408 49 1487 f
90 1432 209 1471 rem
245 1415 532 1482 religionis
568 1413 807 1481 gloriam
845 1421 1085 1480 tuentur,
1144 1417 1381 1470 maxime
1422 1416 1590 1468 etiam
1629 1422 1761 1469 sunt
1799 1431 1998 1484 oppor-
2035 1450 2082 1523 x

93 1510 227 1556 tuna
264 1500 624 1571 temporibus,
674 1508 728 1554 et
766 1500 1093 1555 caelestibus
1138 1503 1499 1570 assequendis
1536 1499 1750 1555 auxiliis
1791 1517 2003 1556 accom-

31 1581 36 1626 T
90 1589 335 1662 pnodata.

162 1675 266 1730 Nos
305 1676 492 1742 itaque
529 1674 671 1740 Tibi,
716 1673 1065 1728 Venerabilis
1107 1676 1310 1739 Frater,
1343 1690 1548 1727 munus
1586 1675 2000 1740 committimus,

47 1752 53 1790 s
92 1767 155 1814 ut
189 1761 479 1830 praedictis
518 1761 782 1815 omnibus
820 1760 1094 1814 Fidelibus
1147 1763 1289 1825 grati
1344 1762 1521 1815 Nostri
1584 1761 1758 1813 animi
1814 1775 2004 1813 sensus

43 1846 51 1916 ᾖ
90 1845 399 1915 significare
436 1847 590 1912 velis,
635 1863 700 1900 ac
738 1848 1097 1915 praecipuam
1136 1863 1246 1914 qua
1285 1862 1413 1914 erga
1454 1849 1599 1915 ipsos
1626 1846 1895 1900 afficimur
1921 1862 2004 1899 ca-

43 1975 53 2013 3
90 1933 335 2002 ritatem,
375 1934 536 1989 cuius
572 1934 688 1986 vim
727 1933 875 2002 apud
915 1932 1089 1986 altare
1129 1934 1348 1987 Domini
1389 1933 1671 1987 effundere
1700 1947 1813 1986 non
1840 1933 2002 1985 omit·

36 2174 58 2266 ,μ’
90 2184 579 2270 stanno'registratn
611 2208 670 2256 Oi
690 2206 795 2257 fece
820 2206 1117 2267 presentare
1143 2206 1177 2253 il
1201 2206 1383 2254 diletto
1421 2206 1594 2253 nostro
1628 2204 1857 2265 figliuolo
1891 2204 2004 2252 reli-

92 2285 237 2352 gioso
263 2284 421 2345 Luigi
437 2283 626 2333 Artini.
660 2282 911 2331 Abbiamo
935 2281 1100 2328 inteso
1125 2293 1269 2340 pure,
1296 2281 1389 2328 che
1411 2281 1427 2326 i
1453 2280 1681 2339 malati‚i
1708 2280 1847 2339 quali
1878 2291 2001 2326 sono

40 2367 41 2371 ’
90 2359 299 2408 antistiti
315 2359 399 2407 dai
427 2358 651 2406 ministri
683 2358 825 2418 degli
855 2357 1086 2416 infermi,
1119 2355 1275 2403 anch'
1306 2355 1403 2402 essi
1435 2355 1707 2403 entrarono
1737 2355 1791 2399 in
1824 2354 2001 2414 questa

39 2453 68 2500 j
93 2433 288 2495 garadi
316 2433 472 2493 pieta,
505 2432 818 2481 sforzandosi
851 2431 903 2478 di
939 2430 1203 2479 attestarci
1235 2430 1270 2476 il
1309 2430 1415 2477 loro
1447 2429 1619 2476 affetto
1638 2429 1887 2476 el'amore
1904 2428 2002 2473 alla

36 2527 58 2574 χ-
91 2508 241 2556 santa
269 2507 536 2568 rengione,
584 2505 900 2554 coll’offerire
932 2518 963 2551 a
1011 2505 1104 2551 Dio
1150 2505 1195 2552 le
1244 2503 1443 2562 proprie
1489 2503 1758 2551 sofferenze
1804 2515 1830 2548 e
1877 2502 2000 2548 colle

91 2582 175 2642 pie
204 2581 453 2631 oblazioni
477 2594 508 2629 a
536 2581 631 2630 Noi
662 2580 920 2628 mandate.
957 2580 1029 2628 Ne
1060 2578 1311 2638 possiamo
1342 2578 1650 2626 certamente
1679 2576 1859 2623 lasciar
1890 2587 2000 2635 pas-

6 2686 8 2691 ·
47 2708 63 2723 ¹,
91 2665 204 2705 aare
230 2657 282 2704 la
313 2656 487 2705 divota
517 2655 759 2704 affezione
791 2655 933 2715 degli
966 2653 1084 2701 altri
1118 2651 1226 2700 tuoi
1260 2651 1530 2711 diocesani,
1564 2651 1655 2698 che
1688 2662 1811 2709 poco
1842 2650 1892 2696 fa
1925 2661 1997 2695 un

23 2726 54 2790 'f'
91 2729 230 2779 buon
261 2743 477 2778 numero
506 2729 563 2777 ci
595 2742 896 2778 arrecarono
926 2729 962 2775 il
993 2728 1209 2776 sussidio
1241 2727 1366 2774 delle
1397 2727 1503 2773 loro
1534 2724 1819 2785 largizioni.
1848 2724 1999 2769 Tutte

4 2845 18 2862 .,
44 2806 269 2866 ·;’ᾳιιθεί;θ
299 2817 454 2866 prove
485 2805 538 2852 di
581 2804 736 2864 pieta,
771 2817 800 2852 o
836 2803 1125 2852 venerabile
1174 2802 1387 2861 fratello,
1439 2802 1492 2846 in
1540 2800 1622 2847 cui
1669 2797 1920 2857 risplende
1965 2796 2001 2842 il

20 2877 323 2950 ‘singolar
350 2879 532 2928 merito
563 2879 643 2927 del
676 2881 770 2927 tuo
803 2880 908 2926 zelo
940 2877 1208 2938 pastorale,
1233 2876 1287 2923 Oi
1308 2877 1489 2923 turono
1522 2874 1572 2920 di
1603 2885 1706 2920 non
1736 2872 1865 2918 lieve
1887 2883 2002 2918 con·

30 2975 35 2984 ·
76 2953 360 3015 solatione,
391 2954 439 3001 le
459 2953 616 3014 quali,
641 2953 843 3002 mentre
876 2952 1153 3000 direndono
1186 2949 1399 2997 l’antica
1421 2948 1586 3007 gloria
1609 2947 1740 2993 della
1762 2956 2000 2993 veronese

94 3027 457 3089 cittadinanza,
480 3039 604 3075 sono
620 3027 794 3076 altresi
825 3028 959 3074 assai
992 3025 1283 3085 opportune
1329 3024 1375 3071 ai
1418 3022 1578 3081 tempi
1624 3033 1651 3068 e
1697 3020 1868 3067 adatte
1912 3028 2001 3078 per

98 3100 374 3162 impetrare
403 3103 479 3162 gli
511 3103 640 3151 aiuti
672 3103 753 3151 del
785 3103 929 3150 cielo.

28 3175 60 3223 ’.-
154 3175 246 3226 Noi
275 3176 462 3238 percio,
495 3191 524 3225 o
578 3177 869 3226 venerabile
916 3177 1135 3234 frate110,
1183 3172 1594 3221 t'incarichiamo
1644 3168 1693 3216 di
1743 3168 1879 3215 voler
1926 3167 2001 3213 far

94 3251 204 3299 noti
225 3265 266 3322 'a
295 3251 422 3300 tutti
455 3251 471 3298 i
502 3250 905 3300 summentovati
926 3250 1073 3298 fedeli
1096 3250 1112 3295 i
1133 3248 1268 3296 sensi
1293 3247 1424 3295 della
1444 3245 1626 3293 Nostra
1657 3241 1992 3302 gratitudine,

11 3322 14 3323 ⁷
48 3326 52 3347 ·'
96 3337 126 3374 e
153 3323 190 3372 il
219 3327 450 3387 singolar
481 3338 651 3375 amore
683 3325 777 3373 che
807 3325 865 3372 Oi
898 3325 1019 3373 arde
1051 3336 1140 3382 per
1171 3322 1284 3381 essi,
1333 3323 1383 3367 la
1430 3320 1511 3367 cui
1546 3315 1995 3366 sovrabbondanza

98 3410 202 3449 non
233 3401 524 3451 lascieremo
556 3401 606 3449 di
639 3399 890 3459 spandere
911 3399 1118 3447 dinanzi
1140 3396 1326 3444 l’Altar
1348 3395 1426 3443 del
1448 3394 1683 3453 Signore.
1711 3388 1996 3448 FrattantO,
