2488 4290
1988 324 2075 372 145

307 481 844 537 &communicationes
907 481 1033 533 latae
1091 480 1358 532 sententiae
1394 478 1589 529 nemini
1624 484 1915 528 reservatae.

239 611 798 666 Excommunicationi
836 610 976 665 latae
1013 609 1315 663 sententiae
1355 608 1572 661 nemini
1628 612 1927 659 reservatae
1977 624 2075 660 su-

172 684 385 761 biacere
422 699 793 753 declaramus:

248 787 295 840 1.
337 786 647 839 Mandantes
707 802 804 839 seu
856 790 1112 853 cogentes
1153 784 1293 837 tradi
1330 780 1727 835 Ecclesiasticae
1753 779 2076 849 sepulturae

172 873 474 927 haereticos
510 873 753 927 notorios
791 877 885 926 aut
921 871 1246 927 nominatim
1294 868 1793 923 excommunicatos
1846 866 1932 919 vel
1989 867 2076 919 in-

174 960 447 1013 terdictos

242 1046 289 1098 2.
316 1046 608 1099 Laedentes
628 1050 724 1098 aut
738 1045 1244 1114 perterrefacientes
1258 1041 1624 1109 Inquisitoies‚
1659 1041 2072 1107 denuntiantes,

174 1137 349 1195 teste5‚
393 1129 591 1185 aliosve
648 1132 926 1186 ministros
982 1132 1030 1184 S.
1078 1130 1277 1193 Officii,
1324 1129 1505 1181 eiusve
1562 1126 1710 1179 Sacri
1765 1124 2077 1179 Tribunalis

166 1217 468 1284 ¹¹scripturas
504 1218 842 1286 diripienteS,
887 1224 981 1270 aut
1018 1219 1399 1270 comburentes
1422 1258 1435 1280 ,
1500 1213 1586 1267 vel
1630 1214 1923 1281 praedictis
1955 1212 2076 1280 qui-

172 1302 407 1357 buslibet
443 1303 724 1369 auxilium,
771 1302 1081 1368 consilium,
1126 1305 1369 1355 favorem
1408 1307 1754 1370 praestantes

223 1392 292 1443 3.
335 1390 640 1443 Alienantes
701 1397 754 1443 et
791 1391 1034 1458 recipere
1081 1394 1492 1457 praesumentes
1529 1389 1673 1441 bona
1711 1375 2074 1441 ecclesiastica

176 1479 374 1544 absque
410 1476 753 1545 Beneplacito
791 1476 1112 1545 ApostolicO‚
1158 1477 1225 1528 ad
1264 1477 1499 1528 formam
1539 1474 1942 1541 Extravagantis
1966 1475 2079 1527 Am·

176 1568 390 1630 bitiosae,
431 1565 503 1616 De
537 1564 663 1617 Reb.
705 1566 818 1635 Ecbc.
866 1580 977 1617 non
1016 1564 1336 1616 alienandis.

248 1651 294 1704 4.
338 1650 680 1718 Negligentes
717 1652 828 1704 sive
867 1649 1220 1720 culpabiliter
1257 1652 1580 1703 omittentes
1623 1651 2080 1705 denunciaresin-

143 1736 258 1792 'fra
294 1751 540 1791 mensem
579 1738 940 1791 Confessarios
988 1739 1099 1791 sive
1150 1738 1465 1791 Sacerdotes
1502 1754 1533 1790 a
1568 1737 1764 1804 quibus
1803 1735 2081 1791 sollicitati

176 1818 384 1878 suerint
418 1826 486 1877 ad
515 1826 692 1893 turpia
714 1826 773 1876 in
796 1825 1139 1892 quibuslibet
1163 1825 1378 1877 casibus
1405 1824 1663 1891 expressis
1689 1839 1720 1876 a
1739 1824 2070 1878 Praedecess

176 1911 372 1964 Nostris
409 1909 665 1978 Gregorio
717 1910 808 1963 XV
864 1911 1084 1964 Constit.
1152 1911 1379 1963 Universa·
1431 1910 1496 1961 20
1553 1910 1772 1976 augusti
1824 1910 1976 1973 1622,
2028 1916 2081 1962 et

175 1992 462 2052 'Benedicto
501 1997 612 2050 XlV
650 1997 867 2051 Constit.
925 1995 1300 2050 Sacramentum
1333 1997 1712 2064 poenitentiael
1747 1996 1892 2049 iunii
1922 1996 2072 2049 1741.

535 2286 846 2338 Soomunielte
865 2287 1000 2335 latae
1029 2286 1316 2335 sententiae
1348 2297 1440 2334 non
1461 2286 1718 2335 riservate.

236 2408 574 2457 Dichiariamo
605 2408 698 2456 che
727 2405 1064 2468 soggiaciono
1086 2407 1184 2454 alla
1204 2406 1496 2454 scomunica
1530 2406 1582 2454 la
1594 2406 1672 2454 tae
1694 2406 1957 2455 sententiae
1978 2419 2083 2454 non

179 2483 458 2532 riservata:

238 2559 281 2606 1.
316 2558 479 2616 Quelli
509 2558 601 2606 che
631 2557 879 2606 ordinano
911 2569 940 2604 o
971 2555 1302 2616 costringono
1335 2555 1427 2604 che
1460 2557 1501 2603 si
1536 2556 1620 2604 dia
1652 2555 1913 2617 sepoltura
1934 2558 2085 2604 eccle-

179 2633 379 2681 siastica
409 2634 473 2680 ad
503 2633 675 2680 cretici
720 2631 922 2691 notorii,
955 2645 985 2679 o
1017 2643 1047 2678 a
1076 2643 1290 2690 persone
1344 2631 1780 2679 nominatamen‘oe
1829 2632 2082 2679 scomuni-

183 2709 294 2756 cate
323 2721 352 2755 o
382 2707 670 2756 interdette.

237 2783 282 2831 2.
317 2782 478 2840 Quelli
508 2781 601 2830 che
630 2795 814 2830 recano
845 2782 997 2830 offesa
1029 2795 1057 2829 o
1088 2780 1336 2841 spavento
1369 2781 1478 2841 agli
1529 2781 1837 2843 inquisitori,
1886 2782 2081 2831 denun-

182 2856 373 2916 ziatori‚
404 2857 661 2905 testimoni
693 2857 753 2904 ed
783 2857 900 2904 altri
931 2857 1150 2905 ministri
1181 2856 1263 2905 del
1293 2855 1635 2916 Sant’Ufflzi0‚
1695 2857 1848 2918 quelli
1881 2857 1973 2905 che
2005 2870 2082 2905 ra-

181 2931 388 2991 piscono
417 2945 446 2979 o
477 2932 787 2980 abbruciano
818 2931 1055 2980 scritture
1086 2932 1215 2986 dello
1246 2931 1403 2980 stesso
1426 2944 1570 2980 sacro
1602 2932 1878 2991 tribunale,
1912 2945 1940 2979 o
1977 2945 2086 2993 pre-

182 3006 328 3054 stano
357 3019 388 3053 a
417 3007 713 3067 qualunque
745 3007 871 3054 delle
899 3006 1128 3076 predotte
1158 3018 1372 3067 persone
1404 3006 1560 3066 aiuto,
1595 3007 1861 3067 consig110‚
1887 3007 2075 3056 favore.

240 3081 285 3128 3.
319 3081 480 3138 Quelli
523 3081 616 3129 che
661 3081 895 3129 alienano
941 3093 969 3129 e
1014 3093 1320 3141 presumono
1351 3082 1573 3130 ricevere
1603 3082 1722 3129 beni
1753 3082 2083 3130 ecclesiastici

184 3168 333 3206 senza
362 3156 397 3202 il
428 3156 742 3215 beneplacito
773 3155 1060 3216 apostolice,
1093 3156 1269 3216 giusta
1299 3158 1350 3203 la
1378 3157 1539 3204 forma
1572 3156 1703 3204 della
1724 3156 1937 3204 Extrav.
1971 3158 2084 3207 Am·

185 3229 402 3284 bitioeae,
435 3231 504 3277 De
539 3230 635 3277 reb.
671 3229 787 3276 eccl.
822 3241 916 3278 non
947 3228 1244 3278 alienandis.
1535 3270 1540 3276 .

244 3303 288 3350 4.
321 3304 483 3361 Quelli
513 3304 605 3352 che
635 3317 730 3352 con
762 3305 1072 3366 negligenza
1100 3317 1130 3352 o
1161 3305 1412 3366 colpevole
1445 3305 1717 3353 omissione
1751 3318 1855 3352 non
1890 3306 2084 3355 denun-

3 3379 5 3387 ’
94 3374 96 3377 ’
187 3377 332 3447 ciano
361 3378 507 3426 entro
538 3392 611 3425 un
641 3391 777 3427 mese
807 3379 823 3425 i
855 3379 1126 3427 confessori
1163 3392 1193 3426 o
1234 3380 1479 3428 sacerdoti
1523 3380 1587 3427 da
1624 3380 1708 3428 cui
1749 3380 1933 3428 fossero
1965 3379 2084 3427 stati

188 3451 386 3511 istigati
414 3465 445 3498 a
475 3465 585 3501 cose
616 3453 754 3514 turpi
783 3454 839 3501 in
868 3453 1164 3515 qualunque
1197 3454 1275 3502 de’
1293 3455 1398 3502 casi
1420 3455 1632 3515 espressi
1665 3455 1746 3502 dai
1781 3454 1941 3502 nostri
1972 3467 2083 3514 pre·
2128 3459 2134 3464 ’

191 3524 433 3574 decessori
462 3526 709 3588 Gregorio
741 3528 851 3588 XV,
882 3526 1096 3576 constit.
1125 3527 1369 3589 Universi,
1402 3529 1462 3577 20
1493 3529 1672 3589 agosto
1708 3528 1840 3588 1622,
1874 3541 1901 3576 e
1931 3528 2087 3577 Bene-

191 3597 327 3648 detto
355 3600 491 3658 XIV,
522 3601 733 3659 Constit.
766 3601 1140 3654 Sacramentum
1160 3603 1502 3665 poenitentiae,
1541 3604 1590 3653 1⁰
1622 3603 1827 3664 giugno
1861 3601 1992 3653 1741.

1749 3693 1801 3736 10
