2488 4290
319 383 379 430 62

315 504 598 555 nunquam
635 489 760 540 satis
798 486 1133 552 deplorando
1199 486 1507 536 animarum
1567 484 1766 534 damno
1825 483 2024 548 ubique
2081 487 2218 538 adeo

315 581 606 642 propagata
663 579 740 624 est
801 573 1085 638 impietaS,
1149 585 1477 635 morumque
1520 569 1822 634 corruptio,
1868 576 1921 620 et
1959 569 2222 622 effrenata

320 656 553 723 licentia,
590 675 652 710 ac
668 674 959 724 pravarum
981 643 1238 721 cuiusque
1259 655 1469 719 generis
1496 654 1839 720 opinionum,
1867 655 2220 721 omniumque

316 748 598 809 vitiorum,
647 751 699 796 et
739 743 1004 796 scelerum
1043 743 1322 805 contagio,
1369 741 1695 802 divinarum,
1742 739 2221 807 humanarumque

317 831 503 896 legum
541 830 799 892 violatio,
865 835 925 879 ut
980 844 1092 878 non
1150 826 1328 877 solum
1385 825 1725 876 sanctissima
1784 831 1966 877 nostra
2004 825 2213 892 religiO,

320 932 511 967 verum
573 917 737 968 etiam
801 915 1044 965 humana
1115 912 1338 963 societas
1410 910 1785 962 miserandum
1860 912 1918 962 in
1992 911 2220 964 modum

323 1004 687 1067 perturbetur,
734 1015 795 1051 ac
833 1001 1127 1051 divexetur.

388 1087 447 1139 In
492 1094 636 1139 tanta
673 1088 843 1151 igitur
882 1085 1269 1148 calamitatum,
1313 1084 1514 1149 quibus
1546 1099 1637 1134 cor
1661 1083 1912 1135 Nostrum
1952 1085 2211 1148 obruitur,

320 1173 465 1225 mole
501 1188 820 1241 supremum
856 1170 1120 1222 Pastorale
1159 1161 1528 1221 ministerium
1567 1170 1727 1222 Nobis
1765 1169 2028 1221 divinitus
2070 1186 2215 1222 com-

320 1260 549 1310 missum
587 1258 766 1324 exigit,
796 1263 1064 1308 utomnes
1082 1256 1297 1308 Nostras
1317 1256 1495 1321 magis
1517 1256 1798 1321 magisque
1833 1270 2114 1308 exeramus
2133 1257 2214 1308 vi-

319 1361 404 1397 res
428 1346 494 1396 ad
511 1344 776 1395 Ecclesiae
797 1342 1117 1409 reparandas
1143 1342 1348 1404 ruinas,
1377 1341 1444 1392 ad
1471 1342 1709 1392 universi
1737 1341 2008 1392 Dominici
2037 1343 2216 1407 gregis

320 1430 549 1482 salutem
590 1429 907 1491 curandam,
954 1429 1020 1479 ad
1061 1427 1299 1479 exitiales
1362 1443 1553 1479 eorum
1602 1428 1838 1494 impetus
1889 1433 2217 1493 conatusque

325 1517 720 1582 reprimendos,
769 1515 865 1580 qui
903 1516 1074 1581 ipsam
1113 1513 1417 1578 Ecclesiam,
1464 1513 1508 1565 si
1546 1514 1667 1565 fieri
1721 1528 1966 1579 unquam
2002 1519 2210 1579 posset,

322 1610 375 1654 et
421 1601 641 1654 civilem
704 1601 1015 1653 societatem
1072 1601 1320 1652 funditus
1378 1607 1611 1652 evertere
1673 1601 2047 1652 connituntur.
2114 1601 2217 1652 Nos

322 1689 560 1754 quidem,
606 1689 714 1740 Deo
755 1686 1060 1750 auxiliante,
1106 1686 1193 1738 vel
1231 1689 1296 1740 ab
1334 1688 1450 1754 ipso
1497 1688 1738 1754 supremi
1786 1687 1959 1739 Nostri
1994 1686 2218 1739 Pontifi-

322 1780 469 1825 catus
508 1774 724 1824 exordio
764 1788 1050 1838 nunquam
1090 1790 1188 1839 pro
1231 1774 1537 1838 gravissimi
1572 1772 1750 1825 Nostri
1808 1771 1970 1824 officii
2027 1772 2212 1824 debito

322 1860 630 1910 destitimus
688 1857 958 1929 pluribus>
994 1859 1192 1910 Nostris
1243 1857 1715 1910 Concistorialibus
1765 1857 2206 1922 AllocutionibuS,

322 1950 372 1997 et
395 1943 709 2011 Apostolicis
729 1944 942 1995 Litteris
963 1944 1209 1996 Nostram
1233 1943 1478 1996 attollere
1509 1959 1715 2007 vocem,
1750 1959 1813 1995 ac
1838 1943 1953 2008 Dei,
1985 1944 2213 2010 eiusque

321 2036 534 2084 sanctae
571 2029 836 2082 Ecclesiae
866 2044 1083 2082 causam
1109 2029 1268 2082 Nobis
1294 2045 1324 2081 a
1351 2030 1560 2081 Christo
1587 2030 1820 2082 Domino
1848 2030 2214 2083 concreditam

320 2300 445 2347 delle
474 2299 658 2359 anime,
692 2297 783 2345 che
814 2310 918 2344 non
950 2297 992 2343 si
1013 2298 1113 2356 puo
1135 2298 1236 2344 mai
1257 2298 1563 2345 abbastanza
1582 2298 1856 2358 deplorare,
1881 2298 2215 2358 dappertutto

319 2373 437 2420 vien
467 2371 750 2432 propagata
778 2371 1051 2430 l'empieta‚
1085 2372 1134 2418 la
1165 2373 1457 2419 corruzione
1489 2372 1569 2419 dei
1601 2372 1814 2419 costumi
1847 2385 1874 2419 e
1904 2374 1954 2419 16
1986 2373 2214 2420 sfrenata

320 2448 548 2507 licenza;
581 2461 607 2494 e
637 2447 672 2493 il
704 2446 880 2493 veleno
912 2446 1039 2493 delle
1070 2460 1225 2505 prave
1257 2447 1483 2505 opinioni
1517 2447 1567 2493 di
1599 2447 1724 2505 ogni
1755 2459 1946 2505 genere
1967 2461 1994 2494 e
2015 2448 2066 2493 di
2087 2447 2214 2495 tutti

323 2523 341 2566 1
375 2522 474 2567 vizi
509 2534 537 2568 e
568 2521 618 2567 di
648 2519 781 2567 tutte
810 2520 856 2566 le
887 2521 1225 2567 scelleratezze
1250 2534 1262 2580 3
1294 2521 1344 2566 16
1374 2521 1651 2566 violazione
1683 2521 1807 2566 delle
1824 2532 2010 2566 umane
2031 2534 2058 2567 e
2090 2522 2215 2570 delle

326 2595 498 2642 divine
527 2595 673 2653 leggi
698 2607 709 2640 :
743 2593 909 2641 sicche
940 2606 1045 2640 non
1077 2595 1179 2640 solo
1209 2595 1259 2640 la
1289 2594 1578 2641 santissima
1607 2595 1795 2651 nostra*
1828 2594 2092 2654 religione,
2122 2610 2208 2643 ma

323 2681 507 2715 ancora
559 2668 788 2714 l’umana
834 2667 1019 2715 societa
1071 2667 1182 2714 ein
1229 2669 1376 2715 modo
1406 2668 1691 2715 miserando
1738 2667 2034 2726 perturbata
2064 2682 2092 2716 e
2121 2670 2209 2718 tri-

323 2742 506 2789 bolata.

384 2816 636 2875 Adunque
666 2829 696 2861 a
729 2817 945 2875 cagione
978 2817 1107 2864 della
1138 2817 1267 2863 mole
1299 2817 1347 2862 di
1379 2816 1524 2864 tante
1566 2816 1816 2876 calamita,
1852 2817 1981 2864 dalle
2013 2817 2151 2877 quali
2179 2817 2207 2865 e

326 2901 559 2948 oppresso
588 2889 624 2934 11
655 2889 825 2936 nostro
857 2903 1023 2950 cuore,
1054 2890 1091 2936 11
1112 2902 1344 2949 supremo
1397 2891 1558 2941 officio
1605 2891 1871 2950 pastorale,
1923 2904 1954 2938 a
2002 2891 2094 2938 Noi
2125 2904 2212 2951 per

325 2963 499 3010 divina
531 2963 858 3020 disposizione
906 2976 1194 3023 commeSSO,
1238 2965 1379 3023 esige
1430 2965 1539 3012 che.
1574 2965 1908 3024 adoperiam0‚
1963 2966 2155 3024 quanto
2185 2966 2213 3013 e

326 3036 740 3095 maggiormente
769 3037 1018 3097 possibile,
1050 3038 1184 3085 tutte
1212 3040 1260 3085 16
1290 3038 1460 3086 nostre
1490 3039 1621 3086 forze
1651 3051 1682 3084 a
1713 3038 1936 3097 riparare
1958 3040 2005 3086 le
2035 3039 2211 3087 rovine

287 3129 290 3132 ⁴
325 3111 454 3157 della
483 3109 677 3168 chiesa,
713 3123 742 3156 a
763 3124 1033 3168 procurare
1061 3114 1112 3158 16
1143 3113 1304 3160 salute
1336 3113 1386 3159 di
1417 3113 1554 3160 tutto
1573 3114 1609 3159 11
1631 3125 1835 3172 gregge
1867 3113 1944 3159 del
1976 3112 2209 3173 signore,

324 3197 355 3230 a
383 3183 684 3242 reprimerei
715 3185 981 3242 perniciosi
1013 3187 1189 3245 impeti
1220 3201 1247 3234 e
1278 3187 1354 3246 gli
1386 3188 1532 3234 sforzi
1564 3188 1615 3234 di
1646 3188 1825 3246 color0,
1860 3186 1952 3233 che
1981 3187 2068 3232 fan
2099 3188 2205 3234 loro

323 3258 494 3318 potere
523 3270 611 3315 per
644 3257 984 3318 distruggere‚
1029 3272 1081 3307 se
1111 3261 1213 3307 mai
1244 3262 1370 3307 fosse
1416 3261 1665 3320 possibile,
1702 3260 1784 3307 dai
1815 3260 2127 3307 fondamenti
2157 3262 2208 3307 16

325 3331 503 3377 Chiesa
534 3343 560 3376 e
590 3331 639 3376 la
670 3331 826 3378 stessa
856 3333 1040 3379 societa
1070 3334 1230 3381 civile.
1266 3335 1358 3381 Noi
1388 3348 1476 3393 per
1509 3333 1671 3381 verita
1714 3334 1823 3380 coll'
1849 3333 1986 3380 aiuto
2018 3333 2069 3379 di
2098 3334 2208 3393 Dic,

324 3405 398 3450 fin
429 3405 509 3450 dal
540 3403 787 3462 principio
820 3406 896 3451 del
928 3407 1106 3453 Nostro
1138 3407 1435 3455 Pontificato
1467 3421 1571 3455 11011
1603 3407 1833 3454 abbiamo
1862 3407 1965 3453 'mai
2015 3418 2206 3455 omesso

324 3478 455 3524 nelle
486 3477 655 3524 nostre
686 3478 1018 3525 concistoriali
1051 3480 1359 3527 Allocuzioni
1391 3495 1417 3529 e
1448 3481 1644 3529 Lettere
1698 3479 1999 3539 apostoliche
2042 3480 2093 3526 di
2132 3480 2209 3526 in-

321 3551 521 3597 nalzare
549 3552 599 3597 16
629 3563 750 3598 voce
781 3565 808 3598 e
840 3552 1092 3599 difendere
1126 3565 1219 3599 con
1251 3555 1376 3612 ogni
1424 3555 1684 3613 impegno,
1720 3553 2120 3601 costantemente
2152 3554 2202 3599 la

324 3636 475 3679 causa
524 3624 576 3682 di
604 3625 696 3682 Dio
745 3638 772 3672 e
818 3625 945 3682 della
994 3637 1085 3675 sua
1116 3626 1263 3674 santa
1293 3626 1467 3676 Chiesa
1499 3640 1529 3677 a
1573 3628 1665 3678 Noi
1706 3627 1909 3678 affidata
1960 3627 2023 3674 da
2055 3626 2190 3675 Gesu
