2488 4290
982 504 1290 582 XLIII.

576 739 670 801 IL
735 738 1071 804 CLERO
1137 742 1234 804 DI
1304 745 1722 811 GENOVA

688 886 724 931 e
767 865 1202 934 l’lnsallihilita
1249 872 1592 940 Pontificia.

263 1231 345 1283 Un
382 1232 734 1296 documento,
779 1229 1119 1295 degnissimo
1160 1231 1216 1283 di
1252 1236 1455 1286 restare
1493 1234 1551 1285 in
1591 1236 1879 1300 memoria,
1923 1237 1967 1288 si
1994 1238 2023 1290 e
2047 1236 2090 1288 il

195 1323 453 1383 seguente
490 1315 746 1369 indirizzo
787 1315 844 1367 di
883 1316 1250 1382 grandissima
1293 1326 1439 1386 parte
1467 1318 1556 1373 del
1584 1320 1738 1374 Clero
1766 1321 1821 1372 di
1849 1322 2090 1377 Genova:

489 1478 510 1508 a
535 1459 850 1511 Bmmssmn
886 1458 1078 1525 PATER,

277 1599 297 1624 «
326 1577 404 1629 Ad
443 1576 757 1629 Sanctitatis
812 1575 958 1628 Tuae
996 1577 1159 1644 pedes
1215 1576 1516 1643 provoluti,
1562 1578 1882 1648 Beatissime
1921 1581 2097 1648 Pater,

190 1664 482 1732 subscripti
521 1663 828 1716 sacerdotes
865 1667 991 1715 vota
1028 1677 1128 1715 sua
1166 1669 1447 1729 promunt,
1507 1671 1567 1716 ut
1620 1665 1686 1718 ab
1746 1667 2101 1720 oecumenico

189 1751 447 1805 Vaticano
477 1748 726 1803 Concilio
747 1745 1031 1817 pontificia
1052 1749 1354 1802 definiatur
1373 1748 1758 1805 infallibilitas.
1793 1754 2101 1806 Romanum

191 1837 466 1905 siquidem
503 1834 827 1890 Pontificem
866 1850 929 1888 ex
967 1834 1229 1888 Gathedra
1267 1834 1630 1890 definientem
1666 1837 1725 1889 in
1766 1839 1929 1892 rebus
1968 1839 2097 1892 fidei

189 1930 244 1978 et
290 1938 511 1977 morum
573 1919 927 1975 infallibilem
990 1937 1125 1988 esse,
1192 1922 1419 1989 eiusque
1481 1923 1793 1988 dogmatica
1857 1925 2089 1990 decreta,

158 2010 360 2063 ‘etiam
398 2014 696 2077 antequam
731 2006 1003 2062 Ecclesiae
1059 2023 1359 2062 consensus
1416 2010 1647 2073 accedat,
1706 2024 1825 2062 esse
1876 2026 2096 2077 prorsus

189 2095 618 2150 irreformabilia
642 2109 704 2147 ex
729 2094 902 2148 sacris
940 2094 1140 2147 litteris
1180 2093 1474 2162 colligitur,
1518 2100 1572 2147 et
1608 2110 1670 2147 ex
1708 2101 1974 2164 perpetua
2012 2099 2101 2148 Ec-

188 2183 387 2237 clesiae
426 2181 718 2235 traditione
755 2180 1199 2234 luculentissime
1237 2181 1525 2234 evincitur.
1571 2181 1852 2234 Eiusmodi
1908 2188 2098 2236 autem

140 2262 143 2271 ’
187 2269 460 2336 definitio,
519 2283 693 2336 quam
750 2282 942 2322 omnes
1000 2268 1133 2321 boni
1174 2266 1427 2321 ardenter
1467 2272 1723 2334 exoptant
1759 2283 1872 2322 non
1930 2270 2094 2322 modo

187 2363 519 2424 opportuna,
560 2354 754 2408 sedin
793 2354 1177 2423 praesentibus
1217 2369 1407 2407 rerum
1446 2355 1872 2407 circumstantiis
1909 2370 2094 2408 neces-

188 2442 330 2495 saria
386 2454 606 2509 quoque
652 2441 891 2493 videtur.
937 2440 1064 2494 Sine
1099 2440 1287 2507 igitur,
1330 2440 1650 2494 Beatissimo
1689 2441 1864 2506 Pater,
1909 2447 1971 2492 ut
2021 2447 2098 2493 tot

189 2528 536 2582 sacerdotum
575 2524 801 2592 Galliae,
840 2524 1187 2593 Germaniae,
1229 2524 1429 2591 Italiae,
1474 2532 1597 2591 etc„
1633 2527 1770 2580 votis
1795 2527 2094 2593 iungantur

187 2622 242 2668 et
265 2620 459 2680 nostra,
490 2621 554 2667 ut
578 2613 748 2687 huius
776 2612 1047 2682 dogmatis
1079 2613 1404 2668 definitione
1443 2612 1800 2666 vehementer
1838 2612 2093 2665 universa

103 2769 108 2774 ἡ
191 2700 424 2756 laetetur
461 2701 717 2755 Ecclesia.

270 2806 293 2836 α
330 2788 605 2856 Quidquid
644 2788 1006 2843 oecumenica
1062 2788 1324 2841 Vaticana
1374 2786 1628 2855 Synodus
1679 2786 1944 2849 satuerit,
1996 2799 2096 2838 nos

186 2874 477 2928 humiliter
515 2875 881 2944 suscipimus;
928 2875 1199 2943 quidquid
1237 2876 1517 2927 Romanus
1556 2873 1802 2926 Pontifex
1838 2872 2096 2941 approba-

184 2962 340 3030 verit,
382 2963 782 3032 approbamus;
826 2962 1099 3030 quidquid
1136 2962 1491 3027 damnaverit,
1538 2961 1879 3013 damnamus.

266 3068 288 3097 ι
317 3051 457 3102 Dum
510 3050 611 3103 hos
649 3065 844 3103 sensus
895 3048 1188 3102 humiliter
1245 3048 1531 3100 Sanctitati
1580 3046 1726 3099 Tuae
1778 3045 2090 3115 pandimuS,

179 3135 400 3189 silentio
455 3136 751 3203 praeterire
805 3150 921 3188 non
983 3150 1274 3203 possumus
1334 3134 1602 3197 dolorem,
1646 3148 1756 3200 quo
1798 3132 2085 3198 afficimur,

181 3222 250 3276 ob
285 3212 554 3288 quasdam
589 3222 993 3290 ephemerides,
1034 3237 1175 3289 quae
1201 3221 1297 3272 hic
1322 3227 1374 3274 et
1401 3219 1535 3272 alibi
1561 3218 1876 3285 vulgantur,
1910 3232 2075 3284 quae-

176 3321 297 3372 que,
341 3305 635 3373 licet,erga
679 3306 992 3371 Ecclesiam,
1052 3311 1106 3358 et
1159 3306 1303 3359 hauc
1358 3305 1612 3358 Sanctam
1677 3303 1873 3356 Sedem
1932 3303 2087 3355 obse·

177 3392 568 3456 quentissimas
603 3407 661 3445 se
699 3406 815 3445 esse
841 3391 1220 3459 profiteantur,
1254 3390 1496 3443 nimium
1529 3396 1708 3442 tamen
1744 3387 2081 3441 novitatibus

179 3475 553 3551 adhaerentes,
596 3478 656 3551 in
695 3492 862 3554 novas
902 3478 1035 3551 item
1074 3477 1278 3547 abeunt
1313 3475 1610 3550 sententias
1646 3474 1714 3527 ad
1753 3474 1939 3527 minus
1976 3489 2067 3554 pe-
