2488 4290
2056 314 2144 363 159

243 424 626 488 ieiunaverint,
673 427 728 475 et
764 422 909 474 intra
946 424 1440 473 commemoratum
1468 419 1730 486 temporis
1756 419 1995 487 spatium
2020 435 2142 487 pec-

244 517 363 567 cata
400 525 504 563 sua
541 508 775 562 confessi
822 506 1243 570 Sanctissimum
1298 505 1671 558 Eucharistiae
1728 505 2143 558 Sacramentum

240 601 550 652 reverenter
580 595 935 662 susceperint,
982 598 1035 644 et
1059 591 1395 658 pauperibus
1423 589 1668 658 aliquam
1707 591 2140 658 eleemosynam,

238 688 406 752 prout
445 681 742 747 unicuique
782 679 998 733 devotio
1035 682 1320 744 suggeret,
1372 678 1710 743 erogaverint
1723 694 1737 743 ;
1781 678 1977 731 ceteris
2014 693 2143 731 vero

237 775 385 823 extra
423 768 619 820 Urbem
656 766 990 834 praedictam
1026 765 1364 830 ubicumque
1404 764 1768 831 degentibus,
1827 764 1924 830 qui
1963 762 2145 816 Eccle-

236 857 364 921 siaS,
405 855 474 907 ab
513 853 814 906 Ordinariis
850 852 1119 914 locorum,
1163 849 1249 902 vel
1288 866 1483 903 eorum
1508 850 1753 914 Vicariis,
1800 866 1898 902 seu
1937 850 2144 903 Officia-

233 929 399 1005 libus,
453 946 549 992 aut
584 941 651 992 de
688 938 912 991 illorum
950 938 1237 1000 mandam,
1284 944 1355 1003 et,
1398 938 1532 1004 ipsis
1572 936 1992 1000 deficientihuS‚
2051 953 2145 1004 per

236 1043 347 1093 606,
388 1028 483 1093 qui
520 1026 599 1078 ibi
626 1040 813 1079 curam
842 1025 1163 1077 animarum
1191 1028 1455 1090 exercent,
1495 1029 1790 1091 postquam
1817 1023 1885 1075 ad
1912 1022 2143 1075 illorum

236 1115 491 1166 notitiam
528 1114 631 1165 hae
667 1113 890 1165 Nostrae
928 1111 1163 1163 Litterae
1206 1112 1579 1178 pervenerint,
1626 1111 2014 1177 designandaS,
2056 1109 2142 1162 vel

237 1215 427 1253 earum
464 1199 711 1266 aliquam
766 1195 1040 1266 praefiniti
1103 1196 1367 1263 temporis
1422 1198 1596 1264 spatio
1652 1197 1733 1249 bis
1775 1196 2136 1259 visitaverint,

237 1285 448 1352 aliaque
486 1285 757 1338 recensita
795 1299 957 1351 opera
996 1283 1187 1334 devote
1224 1283 1553 1350 peregerint,
1596 1282 1980 1350 plenissimam
2025 1299 2145 1335 om-

236 1372 397 1423 nium
433 1375 781 1437 peccatorum
818 1384 1047 1421 suorum
1083 1370 1470 1421 remissionem
1509 1375 1564 1421 et
1598 1367 2025 1436 Indulgentiam,
2074 1372 2145 1422 si-

237 1465 331 1510 cut
366 1458 424 1509 in
464 1472 610 1509 anno
647 1455 879 1510 Iubilaei
915 1456 1263 1508 visitantibus
1321 1461 1495 1508 certas
1555 1454 1811 1508 Ecclesias
1848 1457 2029 1523 intra,
2091 1465 2145 1510 et

237 1549 384 1596 extra
421 1543 616 1596 Urbem
654 1542 988 1611 praedictam
1027 1542 1254 1594 concedi
1295 1542 1609 1605 consuevit,
1667 1548 1865 1594 tenore,
1892 1559 2144 1610 praesen-

238 1630 378 1682 tium
416 1629 846 1682 misericorditer
884 1630 945 1680 in
981 1629 1216 1681 Domino
1257 1628 1612 1680 concedimus
1668 1634 1830 1694 atque
1887 1629 2143 1694 indulge-

236 1731 397 1770 mus:
441 1731 585 1783 quae
621 1714 975 1781 Indulgentia
1012 1716 1304 1768 animabus
1342 1717 1543 1778 etiam,
1587 1729 1728 1781 quae
1763 1715 1871 1771 Deo
1909 1715 1971 1766 in
2010 1717 2144 1768 cari·

242 1807 346 1855 tate
384 1803 706 1854 coniunctae
731 1817 792 1854 ex
817 1802 924 1853 hac
947 1802 1061 1853 vita
1098 1801 1473 1867 migraverint,
1513 1817 1611 1868 per
1635 1802 1868 1854 modum
1895 1801 2142 1868 suffragii

238 1887 501 1956 applicari
538 1889 753 1956 poterit.

307 1975 667 2029 Concedimus
704 1975 889 2041 etiam,
933 1980 997 2028 ut
1026 1976 1343 2041 navigantes
1368 1980 1531 2044 atque
1554 1977 1661 2030 iter
1698 1980 1937 2043 agenteS,
1970 1991 2141 2044 quam

237 2347 404 2409 spazio
435 2348 488 2395 di
516 2347 704 2408 tempo,
727 2346 996 2396 confessati
1026 2347 1045 2394 i
1075 2348 1266 2408 proprii
1286 2348 1499 2408 peccati,
1522 2349 1856 2398 riceveranno
1887 2363 1982 2398 con
2013 2352 2141 2400 rive·

235 2436 388 2472 renza
414 2423 452 2470 ss
481 2423 770 2470 santissimo
801 2421 1130 2471 sacramento
1161 2424 1581 2485 dell’Eucaristia,
1605 2438 1632 2472 e
1662 2425 1880 2473 fai-anno
1901 2426 1950 2473 ai
1968 2428 2142 2485 poveri

237 2499 423 2546 alcuna
451 2497 705 2558 limosina‚
738 2497 956 2546 secondo
987 2498 1079 2546 che
1110 2511 1141 2544 a
1170 2498 1409 2546 ciascuno
1440 2499 1719 2560 suggerii-a
1747 2501 1798 2547 la
1827 2501 2032 2560 propria
2061 2502 2142 2549 de-

236 2573 460 2621 vozione.
510 2573 582 2619 La
623 2571 782 2620 stessa
827 2572 1123 2631 pienissima
1155 2573 1476 2633 Indulgenza
1506 2587 1534 2623 e
1564 2574 1859 2623 remissione
1890 2576 1942 2622 di
1970 2575 2094 2623 tutti
2124 2577 2142 2622 i

235 2649 340 2696 loro
385 2646 580 2706 peccati
626 2646 950 2694 concediamo
996 2647 1399 2707 benignamente
1446 2661 1477 2695 a
1520 2649 1697 2697 tenore
1743 2650 1870 2699 delle
1915 2652 2141 2710 presenti

235 2721 400 2770 anche
429 2721 537 2781 agli
567 2720 701 2780 altri,
734 2721 827 2769 che
857 2722 1039 2769 stando
1078 2722 1137 2770 in
1179 2724 1479 2784 qualunque
1510 2724 1640 2772 altro
1659 2726 1818 2784 luogo
1848 2726 1982 2773 fuori
2013 2727 2143 2774 della

234 2796 465 2857 predetta
493 2794 645 2856 citta,
678 2795 991 2845 visiteranno
1021 2799 1105 2845 nel
1135 2797 1306 2858 tempo
1337 2797 1561 2848 stabilito
1592 2802 1640 2848 le
1670 2800 1837 2849 chiese
1853 2839 1866 2857 ,
1911 2801 2003 2849 che
2034 2803 2141 2850 loro

236 2872 615 2931 designeranno
645 2872 722 2932 gli
753 2871 1008 2920 ordinarii
1039 2873 1118 2921 de’
1136 2873 1336 2934 luoghi,
1369 2887 1399 2921 o
1429 2874 1574 2924 iloro
1603 2875 1799 2937 vicarii,
1824 2876 1888 2923 od
1919 2877 2138 2937 officIali,

235 2958 265 2993 0
284 2959 373 3006 per
402 2947 510 2993 loro
539 2946 906 3006 commissione,
938 2960 985 3007 o,
1006 2947 1063 2995 in
1093 2949 1200 2996 loro
1220 2960 1443 3010 assean
1468 2951 1624 3011 quelli
1646 2950 1739 2999 che
1765 2951 1839 2999 ivi
1859 2951 2139 3000 esercitano

233 3022 286 3068 la
314 3032 438 3069 cura
467 3021 595 3068 delle
626 3020 824 3081 anime3
872 3034 902 3068 o
941 3022 1256 3071 visiteranno
1300 3025 1486 3072 alcuna
1517 3025 1569 3072 di
1600 3026 1765 3087 quelle
1795 3026 1894 3074 due
1926 3026 2077 3086 volte,
2111 3040 2138 3074 e

233 3095 451 3144 faranno
480 3095 825 3145 divotamente
856 3098 904 3145 le
935 3098 1063 3146 altre
1081 3110 1231 3158 opere
1261 3100 1549 3160 designate.
1585 3102 1624 3148 E
1646 3101 1826 3162 questa
1846 3102 2139 3162 pienissima

236 3170 555 3230 Indulgenza
583 3183 612 3218 e
641 3170 934 3219 remissione
965 3171 1017 3218 di
1044 3172 1168 3221 tutti
1200 3173 1218 3220 i
1248 3174 1441 3234 peccati
1471 3176 1522 3222 la
1553 3176 1877 3225 concediamo
1923 3177 2137 3225 siccome

237 3246 280 3294 si
308 3246 418 3293 suol
448 3246 722 3293 concedere
753 3246 1014 3294 nell’anno
1045 3247 1124 3295 del
1155 3248 1382 3308 giubileo
1414 3263 1446 3297 a
1478 3251 1632 3311 quelli
1682 3251 1775 3300 che
1806 3251 2026 3299 visitano
2057 3252 2139 3299 de·

236 3319 507 3368 terminate
537 3320 704 3368 chiese
732 3320 867 3368 fuori
898 3334 926 3369 e
959 3321 1138 3370 dentro
1167 3323 1218 3370 la
1244 3324 1479 3383 predetta
1509 3325 1671 3386 Oitta3
1703 3327 1754 3373 la
1784 3327 1936 3387 quale
1969 3326 2139 3372 Indul-

236 3406 404 3454 genza
432 3395 476 3441 si
503 3394 650 3453 potra
680 3396 933 3455 applicare
956 3397 1184 3445 eziandio
1206 3411 1295 3457 per
1315 3400 1464 3448 modo
1486 3400 1537 3447 di
1568 3401 1817 3460 suffragio
1848 3402 1945 3449 alle
1965 3401 2136 3447 anime

237 3467 332 3517 che
358 3467 594 3516 uscirono
623 3469 675 3516 di
704 3469 883 3530 questa
913 3470 1021 3518 vita
1049 3472 1332 3532 congiunte
1360 3475 1416 3522 in
1447 3475 1607 3523 carita
1636 3489 1731 3524 con
1762 3476 1870 3523 Dio.

297 3541 629 3592 Concediamo
659 3555 785 3604 pure
815 3544 909 3597 che
937 3545 955 3597 i
986 3546 1261 3607 naviganti
1291 3549 1354 3596 ed
1382 3549 1402 3598 i
1432 3550 1765 3611 viaggiatori,
1799 3562 1938 3604 come
1970 3550 2136 3610 prima
