2488 4290
502 332 591 381 138

499 439 732 492 Ecclesia
771 441 1048 495 Catholica
1086 449 1242 509 atque
1298 443 1355 494 in
1395 442 1555 495 Sacra
1594 431 1847 507 Liturgia‚
1893 449 2011 509 post
2045 443 2259 495 Beatam
2297 442 2393 495 Dei

499 526 843 591 Genitricem‚
891 544 1018 595 prae
1058 531 1315 581 omnihus
1355 527 1634 580 caelitibus
1670 529 1727 578 in
1779 533 2056 594 posterum
2107 528 2387 580 tribuatur.

521 600 523 602 ¹
568 612 622 662 2⁰
662 613 723 663 Ut
758 614 909 664 idem
966 615 1191 666 Sanctus
1228 614 1442 680 Ioseph,
1486 614 1573 665 cui
1624 614 1812 665 Sacrae
1849 611 2106 664 Familiae
2152 612 2318 665 tutela
2365 629 2397 665 a

496 696 603 748 Deo
624 699 731 748 iam
756 699 958 750 credita
985 698 1105 763 fuit,
1148 700 1431 750 universae
1468 698 1730 751 Ecclesiae
1769 698 2079 761 primarius,
2114 704 2236 764 post
2271 699 2396 751 Bea-

496 784 766 834 tissimam
805 784 1104 849 Virginem,
1149 787 1413 837 Patronus
1452 786 1738 837 habeatur.

491 916 669 963 Nota.
707 945 763 951 —
794 914 1079 967 Morientur
1117 918 1552 988 reverendissimi
1590 918 1770 968 Patres
1808 917 2077 980 Vaticani,
2109 917 2393 983 Episcopos

561 998 767 1064 aliquot
827 1000 1210 1053 huiuscemodi
1274 1002 1541 1055 Postulati
1602 1001 1872 1054 formulae
1932 1002 2390 1068 subscriptionem

559 1083 833 1147 adiecisse,
876 1086 973 1137 etsi
1016 1086 1136 1138 aliis
1174 1087 1484 1151 PostulatiS,
1530 1089 1588 1138 in
1627 1087 1823 1152 quibus
1860 1088 2143 1153 petebatur
2180 1092 2390 1137 tantum

559 1168 848 1222 declaratio
889 1172 1211 1224 Patronatus
1249 1177 1420 1226 sancti
1460 1173 1659 1241 Joseph
1696 1189 1859 1240 super
1883 1173 2192 1224 univexsam
2218 1170 2393 1224 Eccle-

548 1254 694 1305 siam
722 1257 782 1305 in
809 1265 1147 1310 antecessum
1181 1260 1615 1327 subscripserint.
1662 1246 1783 1310 Post
1806 1260 2027 1311 brevem
2053 1265 2238 1310 autem
2275 1257 2391 1308 die-

557 1356 679 1391 rum
736 1342 948 1410 lapsum
994 1343 1243 1396 Collector
1288 1347 1514 1412 quidam
1564 1345 1755 1411 Ioseph
1819 1343 2066 1409 Ollivier,
2134 1343 2391 1395 Sacerdos

556 1426 730 1490 gallus
770 1436 822 1479 et
859 1445 1038 1481 sacrae
1077 1429 1380 1496 theologiae
1437 1433 1641 1495 doctor,
1689 1447 1720 1482 a
1758 1429 2138 1481 Promotoribus
2176 1429 2243 1482 ad
2282 1428 2390 1479 hoc

558 1513 886 1579 designatuS,
921 1531 1086 1582 quem
1116 1518 1264 1568 domi
1293 1519 1496 1584 operiri
1530 1523 1806 1584 poterunt,
1836 1517 2021 1568 veniet
2042 1513 2388 1580 aliorumque
2468 1583 2471 1587 ι

554 1600 794 1667 patrum,
838 1603 884 1652 si
923 1604 1014 1667 qui
1041 1601 1228 1667 velint,
1262 1604 1714 1669 subscriptionem
1741 1603 1987 1668 excipiet,
2019 1609 2080 1651 ut
2116 1601 2173 1651 in
2212 1599 2388 1651 mani·

552 1687 691 1737 festo
735 1688 804 1738 sit
840 1694 975 1753 quot
1010 1703 1290 1739 sacrorum
1329 1689 1601 1740 Antistites
1639 1688 1943 1755 pleniorem
1983 1686 2126 1738 hanc
2182 1685 2387 1750 totique

553 1773 847 1824 christiano
887 1775 1000 1826 orbi
1042 1774 1496 1826 iucundissimam
1538 1774 1718 1825 Sancti
1758 1773 1973 1840 Iosephi
2009 1771 2387 1824 exaltationem

553 1857 874 1910 desiderent.

693 2006 830 2058 Huic:
855 2007 1221 2073 postulationis
1248 2006 1512 2071 formulae
1550 2005 1951 2073 subscripserunt
1979 2002 2169 2071 primi:

539 2132 580 2179 1.
617 2135 651 2190 †
686 2135 863 2182 Petrus
903 2136 1137 2194 Archiep.
1186 2137 1484 2182 Rossan.‘—
1515 2135 1560 2182 2.
1597 2135 1632 2192 ἦ·
1665 2135 1963 2181 Franciscus
2009 2131 2260 2180 Xaverius
2286 2132 2381 2177 Ar-

479 2207 640 2266 chiep.
676 2208 962 2256 Surrentin.
1003 2234 1061 2243 ι-
1091 2210 1135 2257 3.
1172 2212 1207 2267 †
1242 2210 1418 2281 Ioseph
1458 2209 1762 2257 Benedictus
1807 2207 2021 2256 Dusmet
2051 2205 2204 2253 Arch.
2238 2204 2386 2252 Cata-

475 2470 653 2528 turgia
657 2482 824 2527 ‘sacra
856 2472 891 2516 il
924 2470 1060 2517 culto
1091 2470 1329 2528 pubblico
1372 2469 1422 2516 di
1456 2471 1612 2529 dulia,
1657 2469 1786 2530 dopo
1818 2472 1866 2516 la
1909 2469 2063 2517 Beata
2107 2469 2279 2515 Madre
2323 2467 2378 2514 di

474 2544 583 2602 Dic,
617 2556 765 2603 sopra
796 2544 921 2590 tutti
954 2545 1029 2603 gli
1062 2544 1180 2591 altri
1213 2543 1391 2603 Santi3

532 2617 584 2663 2⁰
615 2618 717 2665 Che
760 2620 806 2664 lo
838 2619 993 2665 stesso
1024 2618 1126 2666 San
1175 2618 1428 2678 Giuseppe,
1463 2632 1493 2665 a
1525 2619 1608 2666 cui
1639 2620 1695 2665 fu
1737 2619 1828 2678 gia
1859 2619 1924 2665 da
1954 2618 2046 2664 Dio
2087 2617 2291 2663 affidata
2322 2617 2372 2661 la

474 2692 630 2738 difesa
663 2694 794 2738 della
817 2693 971 2739 Sacra
1003 2693 1272 2752 Famiglia,
1297 2694 1339 2738 si
1370 2694 1536 2753 abbia,
1562 2694 1690 2752 dopo
1722 2694 1773 2739 la
1796 2693 2091 2738 Beatissima
2126 2691 2373 2749 Vergine,

473 2768 619 2823 quale
650 2767 889 2824 primario
921 2767 1131 2814 Patrono
1164 2768 1295 2813 della
1326 2767 1506 2814 Ohiesa
1538 2769 1845 2815 universale.
2426 2764 2432 2766 ’

472 2869 794 2916 Nota.—Si
819 2872 1099 2918 avvertono
1115 2872 1551 2919 ireverendissimi
1570 2872 1720 2918 Padri
1741 2871 1995 2930 Vaticani,
2018 2869 2110 2918 che
2141 2868 2376 2928 alquanti

530 2945 729 2991 vescovi
762 2946 1133 2992 sottoscrissero
1177 2947 1357 3004 questa
1389 2947 1598 2993 formola
1644 2947 1692 2991 di
1735 2940 2004 3003 PostulatO,
2045 2943 2243 2991 benche
2283 2941 2374 3002 gia

532 3018 693 3076 prima
731 3032 961 3066 avessero
1004 3020 1314 3069 sottoscritto
1346 3021 1465 3066 altri
1503 3021 1753 3068 Postumii
1794 3021 1877 3067 nei
1909 3020 2048 3078 quali
2080 3018 2370 3065 chiedevasi

529 3094 631 3139 solo
661 3094 710 3139 la
742 3094 1111 3157 dichiarazione
1142 3096 1221 3142 del
1254 3096 1521 3142 Patronato
1553 3096 1605 3141 di
1637 3095 1686 3141 S.
1737 3094 1988 3152 Giuseppe
2020 3093 2154 3140 nella
2186 3091 2366 3139 Ohiesa

530 3168 833 3214 universale.
869 3168 1034 3214 Scorsi
1065 3172 1147 3227 poi
1169 3170 1317 3227 pochi
1343 3170 1533 3228 giorni,
1557 3168 1707 3216 verra
1728 3182 1802 3215 un
1826 3167 2088 3226 collatore,
2116 3166 2366 3223 Giuseppe

529 3241 751 3300 Ollivier,
784 3242 1041 3307 sacerdote
1062 3243 1291 3291 francese
1322 3256 1349 3290 e
1380 3243 1577 3289 dottore
1599 3244 1651 3288 di
1672 3255 1817 3289 sacra
1847 3242 2084 3299 teologia‚
2128 3253 2158 3285 a
2179 3238 2254 3285 010
2287 3238 2368 3285 de-

526 3315 735 3374 signato
757 3316 840 3362 dai
873 3316 1169 3376 Promotori,
1195 3329 1221 3363 e
1252 3316 1494 3376 ricevera‚
1529 3329 1580 3364 se
1601 3326 1877 3375 von-anno,
1911 3315 1957 3361 le
1987 3314 2131 3360 firme
2176 3313 2227 3358 di
2249 3313 2370 3359 altri
2424 3329 2433 3348 ·

526 3388 694 3449 Padri,
718 3389 809 3436 che
829 3390 877 3435 lo
907 3389 1158 3447 potranno
1180 3391 1383 3438 trovare
1418 3391 1473 3437 in
1494 3403 1633 3450 casa3
1659 3388 1874 3436 affinche
1895 3387 2158 3446 apparisce,
2181 3385 2368 3444 quanti

524 3461 736 3512 Vescovi
765 3464 1047 3510 desiderino
1079 3465 1257 3523 questa
1290 3464 1381 3521 9111
1411 3466 1563 3524 piena
1594 3477 1621 3510 e
1653 3462 2048 3523 giocondissima
2082 3473 2112 3507 a
2142 3460 2280 3524 tutto
2327 3459 2364 3504 il

497 3536 708 3587 mondo
740 3538 980 3586 cristiano
1012 3537 1309 3585 esaltazione
1341 3539 1393 3584 di
1424 3538 1527 3585 San
1557 3538 1823 3609 Giuseppe.
