2488 4290
2022 301 2106 349 199

210 390 280 470 De
317 409 520 469 Bonald
559 413 878 478 Ludovicus,
943 413 1022 466 tit.
1079 410 1164 464 SS.
1211 410 1487 464 Trinitatis
1547 410 1605 461 in
1661 407 1837 461 Monte
1889 410 2100 474 Pinci0‚

277 501 715 570 archiepiscopus
752 501 1131 566 lugdunensis.

209 586 657 657 Schwarzenberg
694 589 1019 654 FridericuS,
1071 588 1147 639 tit.
1206 586 1256 637 S.
1315 585 1622 651 Augustini,
1685 582 1923 651 archiep.
1985 600 2107 651 pra-

277 677 468 742 gensis.
502 675 519 694 ·

209 761 356 813 Corsi
393 762 622 827 Cosmas,
670 763 747 816 tit.
779 746 877 816 'SS.
923 761 1143 815 Ioannis
1182 767 1235 813 et
1271 758 1439 822 Pauli,
1482 758 1717 825 archiep.
1752 758 1987 828 pisanus,
2022 758 2038 775 ²

180 847 428 914 ,Asquini
463 849 657 902 Fabius
691 850 868 913 Maria,
915 851 996 901 tit,
1043 849 1092 902 S.
1138 847 1406 916 Stephani
1445 847 1504 897 in
1541 846 1719 897 Monte
1756 844 1954 897 Caelio.
2001 842 2022 864 *

209 932 394 986 Carasa
428 934 492 986 Di
528 935 744 988 Traetto
783 936 1115 1003 Dominicus,
1151 933 1257 987 tit.
1306 934 1355 986 S.
1400 931 1596 985 Mariae
1636 931 1990 998 Angelorum,
2036 946 2116 983 ar-

280 1018 664 1089 chiepiscopus
695 1023 1124 1076 beneventanus,
1170 1020 1186 1039 '‘

207 1106 598 1161 Riario·Sforza
634 1109 827 1172 Sixtus,
876 1110 953 1161 tit,
1000 1108 1051 1160 S.
1097 1108 1348 1171 Sabinae,
1383 1107 1622 1175 archiep.
1660 1105 2058 1175 neapolitanus,
2094 1104 2120 1128 *‘

174 1179 446 1247 'Mathieu
481 1193 705 1248 Iacobus
740 1196 915 1259 Maria,
961 1197 1045 1248 tit.
1091 1194 1140 1246 S.
1187 1193 1429 1247 Silvestri
1469 1196 1530 1246 in
1581 1195 1775 1262 Capite,
1843 1193 2114 1262 archiepi-

277 1295 473 1349 scopus
508 1282 842 1336 bisuntinuS.
891 1281 908 1300 *

211 1366 424 1420 Donnet
456 1370 785 1435 Franciscus,
818 1371 893 1421 tit,
946 1370 995 1421 S.
1045 1370 1243 1422 Mariae
1287 1370 1345 1420 in
1392 1369 1507 1435 Via,
1556 1368 1870 1437 archiepisc,
1929 1367 2118 1421 burdi-

280 1451 530 1519 galensis.

210 1540 499 1594 Morichini
535 1541 753 1596 Carolus
791 1541 1040 1611 Aloisius,
1086 1545 1165 1597 tit.
1210 1543 1259 1596 S,
1307 1542 1592 1611 Onuphrii,
1628 1543 1787 1610 episc.
1822 1542 2057 1595 aesinus,
2095 1538 2116 1562 *

210 1628 364 1680 Pecci
398 1627 724 1694 Ioachimus,
770 1632 847 1683 tit.
895 1632 946 1683 S.
990 1631 1348 1698 Chrysogoni,
1391 1630 1554 1697 episc.
1601 1631 1906 1697 perusinus,
1951 1628 1970 1648 *

213 1713 503 1769 othmarus
539 1717 816 1771 Rauscher
851 1717 1129 1785 Iosephus,
1178 1718 1253 1769 tit.
1301 1718 1350 1770 S.
1397 1717 1589 1770 Mariae
1627 1717 1695 1768 de
1736 1716 1990 1779 Victoria,
2038 1731 2121 1768 ar-

285 1800 664 1872 chiepiscopus
700 1805 1030 1858 viennensis,
1076 1803 1099 1827 *

214 1886 454 1941 Barnabo
491 1887 802 1955 Alexander,
852 1892 926 1942 tit.
974 1892 1023 1944 S.
1069 1891 1370 1944 Susannae.
1418 1891 1436 1909 *

216 1973 288 2026 De
324 1974 584 2029 Alameda
620 1994 657 2044 y
692 1978 825 2031 Brea
862 1976 1115 2045 Cyrillus,
1161 1979 1602 2046 archiepiscopus
1645 1976 1928 2030 toletanus.

217 2061 517 2115 Antonucci
552 2063 838 2131 Antonius,
882 2064 961 2117 tit.
1008 2064 1095 2118 SS.
1145 2063 1391 2117 Silvestri
1431 2071 1483 2116 et
1519 2065 1735 2116 Martini
1775 2064 1843 2116 ad
1893 2063 2114 2126 MonteS,

287 2149 575 2217 episcopus
613 2153 972 2204 anconitanus
1011 2157 1065 2204 et
1102 2152 1437 2216 umanensis.
1483 2150 1500 2169 *

219 2231 362 2286 Orfei
398 2234 676 2301 Heuricus,
722 2239 802 2290 tit.
846 2238 895 2290 S.
939 2237 1213 2303 Balbinae,
1258 2239 1496 2306 archiep.
1546 2239 1973 2291 ravennatensis.
2021 2237 2043 2261 *

218 2317 846 2378 Milesi-Pironi-Ferretti
899 2324 1182 2393 Iosephus,
1248 2326 1327 2378 tit.
1391 2326 1440 2377 S.
1498 2326 1691 2377 Mariae
1746 2325 1805 2374 iu
1862 2324 2116 2386 Aracaeli,

289 2407 450 2461 abhas
475 2413 971 2465 commendat-arius
990 2418 1286 2480 perpetuus
1309 2417 1362 2464 et
1393 2412 1700 2465 ordinarius
1730 2411 1813 2463 SS.
1848 2410 2123 2465 Vincentii

288 2499 351 2546 et.
377 2497 640 2549 Anastasii
677 2499 745 2550 ad
783 2500 961 2566 Aquas
992 2497 1218 2551 Salvias,
1254 2498 1272 2516 *

219 2577 290 2631 De
326 2578 567 2635 Silvestri
603 2584 805 2648 Petrus
854 2584 932 2637 tit.
978 2586 1026 2637 S.
1068 2583 1245 2638 Marci.
1293 2584 1311 2603 *

220 2663 397 2718 Billiet
431 2667 663 2734 Alexius,
709 2670 788 2724 tit.
837 2671 886 2722 S.
934 2669 1115 2735 Alexii,
1162 2671 1606 2740 archiepiscopus
1645 2672 2045 2724 camberiensis.

221 2750 450 2806 Sacconi
488 2754 731 2822 Carolus,
772 2758 852 2808 tit.
897 2757 946 2809 S.
991 2757 1184 2810 Mariae
1223 2758 1290 2809 de
1329 2758 1556 2825 Populo,
1603 2758 1621 2779 *

221 2835 410 2892 Garcia
434 2841 624 2895 Cuesta
646 2842 891 2911 Michael,
923 2843 1003 2895 tit.
1030 2843 1081 2897 S.
1108 2845 1334 2909 Priscae,
1363 2845 1602 2913 archiep,
1640 2843 2121 2915 compostellanus.

222 2927 446 2995 Quaglia
470 2929 727 2998 Angelus,
761 2930 834 2983 tit.
871 2930 960 2983 SS.
993 2931 1234 2985 Andreae
1263 2936 1317 2983 et
1335 2930 1580 2998 Gregorii
1599 2933 1655 2985 In
1678 2933 1855 2986 Monte
1884 2930 2076 2984 Caelio.
2106 2930 2127 2951 '⁶

221 3014 564 3069 Panebianco
601 3018 871 3070 Antonius
907 3017 1086 3083 Maria,
1134 3019 1213 3070 tit..
1247 3018 1332 3072 SS.
1379 3017 1473 3070 XII
1511 3019 1911 3087 Apostolorum,
1954 3018 2129 3070 maior

293 3102 763 3170 poenitentiarius.
809 3103 827 3122 *

223 3187 573 3244 Trevisanato
611 3190 875 3259 Iosephus
911 3189 1155 3257 Aloisius,
1201 3194 1280 3245 tit.
1327 3192 1414 3246 SS.
1459 3192 1613 3247 Nerei
1650 3201 1705 3247 et
1744 3190 1994 3258 Achillei,
2038 3207 2129 3258 pa·

300 3275 535 3330 triarcha
570 3275 942 3330 Venetiarum.
977 3275 996 3296 *

223 3360 297 3416 De
333 3363 475 3418 Luca
508 3364 830 3423 Antoninus,
870 3366 950 3416 tit.
995 3363 1085 3417 SS.
1130 3365 1375 3426 Quatuor
1411 3367 1826 3420 Coronatorum.
1873 3365 1891 3385 *

226 3450 444 3503 Bizzarri
479 3450 742 3519 Iosephus
778 3452 1030 3516 Andreas,
1063 3453 1142 3505 tit.
1186 3453 1236 3506 S.
1269 3452 1598 3520 Hieronymi
1634 3453 2001 3520 Illyricorum.
2040 3450 2056 3468 *

224 3536 297 3590 De
332 3537 406 3590 La
441 3533 623 3591 Lastra
658 3550 695 3606 y
733 3539 921 3591 Cuesta
956 3538 1277 3607 Ludovicus,
1342 3542 1421 3595 tit.
1468 3541 1518 3593 S.
1563 3536 1708 3594 Petri
1746 3540 1813 3592 ad
1870 3537 2119 3604 Vincula,

299 3622 746 3694 archiepiscopus
783 3624 1089 3694 ispalensis
1134 3623 1152 3645 *
