2488 4290
420 356 506 405 270

421 452 659 521 Propitius
691 468 806 517 esto,
842 461 1015 510 exaudi
1046 474 1148 517 nos,
1186 462 1403 531 Domine.

423 537 492 583 Ab
526 536 654 583 omni
686 537 826 592 mam,
862 536 1010 584 libera
1042 548 1144 591 nOS,
1180 537 1396 583 Domine.

423 611 493 656 Ab
527 610 656 656 omni
690 617 902 669 peccatO,
2014 636 2016 638 v
2172 613 2322 662 libera

424 687 462 731 A
494 692 645 732 morte
678 693 927 744 perpetua,
1675 694 1679 698 ·
2174 689 2321 737 libera

424 760 516 807 Per
547 760 828 819 mysterium
860 761 1060 807 Sanctae
1092 760 1435 808 Incarnationis
1468 768 1598 821 tuae,
2176 764 2325 811 libera

426 835 517 881 Per
551 834 809 882 adventum
840 840 995 889 tuum,
2175 837 2323 885 libera

425 909 517 956 Per
548 908 843 955 nativitatem
876 914 1026 963 tuam,
2178 912 2325 972 libera

425 982 517 1028 Per
546 981 867 1040 baptismum,‘
889 988 935 1028 et
966 988 1184 1029 sanctum
1218 983 1453 1031 ieiunium
1486 990 1641 1040 tuum,
2176 986 2326 1032 libera

426 1055 518 1102 Per
548 1067 757 1110 crucem,
793 1062 839 1102 et
871 1055 1142 1114 passionem
1174 1062 1323 1111 tuam,
2177 1059 2327 1106 libera

426 1129 518 1175 Per
550 1136 769 1183 mortem,
806 1135 851 1176 et
883 1129 1182 1188 sepulturam
1213 1136 1362 1186 tuam,
1693 1192 1697 1194 η
2179 1133 2327 1180 libera

427 1203 518 1250 Per
548 1209 760 1250 sanctam
793 1203 1197 1251 resurrectionem
1230 1211 1379 1262 tuam,
1755 1200 1760 1204 ’
2180 1206 2327 1253 libera

428 1278 518 1325 Per
550 1276 878 1324 admirabilem
910 1277 1236 1325 ascensionem
1271 1285 1417 1334 tuam,
2179 1278 2328 1326 libera

428 1352 518 1398 Per
549 1351 807 1399 adventum
839 1351 1042 1410 Spiritus
1076 1352 1234 1400 Sancti
1267 1353 1503 1410 paracliti,
2178 1353 2326 1400 libera

428 1428 481 1475 ln
514 1426 588 1474 die
621 1427 799 1484 iudicii,
2175 1427 2329 1475 libera

429 1503 720 1559 PeccatoreS,
756 1508 801 1548 te
830 1513 1054 1561 rogamus
1087 1500 1198 1549 audi
1231 1514 1330 1549 nos.

430 1577 488 1623 Ut
519 1578 655 1623 nobis
687 1590 869 1635 parcas,
2021 1585 2066 1626 te
2099 1589 2326 1638 rogamus

430 1652 489 1699 Ut
520 1651 777 1699 Ecclesiam
810 1658 942 1699 tuam
975 1658 1185 1700 sanctam
1218 1664 1384 1711 regere
1417 1659 1463 1700 et
1495 1665 1778 1700 conservare
1810 1652 2035 1713 digneriS,
2144 1659 2191 1701 te
2223 1664 2325 1713 rog.

431 1726 510 1776 Ut=
537 1727 777 1773 Domnum
824 1726 1153 1783 apostolicum,
1205 1733 1250 1774 et
1298 1739 1463 1775 omnes
1495 1726 1838 1774 ecclesiasticos
1870 1726 2060 1775 ordines
2090 1726 2139 1774 in
2169 1732 2330 1775 sancta
2368 1760 2371 1764 -

491 1799 717 1858 religione
749 1811 1029 1876 conservare
1063 1798 1287 1859 digneriS,
2139 1806 2185 1848 te
2216 1808 2318 1860 rog.

489 1958 709 2018 Snrqens
749 1946 984 2020 Pontifex
1030 1969 1142 2006 enm
1187 1958 1360 2019 mitra,
1409 1960 1455 2006 et
1501 1968 1652 2006 mann
1686 1957 1900 2007 sinistra
1929 1959 2093 2009 tenens
2127 1959 2334 2009 Crucem

434 2031 531 2079 loeo
563 2031 728 2079 baculi
751 2032 1031 2091 pastoralis
1061 2032 1300 2080 benedicet
1329 2031 1522 2093 Synodo
1553 2032 1742 2080 dicens:

431 2164 489 2210 Ut
521 2164 643 2210 hanc
676 2169 893 2210 sanctam
926 2163 1185 2222 Synodum,
1212 2170 1257 2212 et
1280 2176 1444 2211 omnes
1466 2164 1643 2224 gradus
1666 2163 2009 2212 ecclesiasticos
2050 2166 2173 2214 bene
2194 2172 2243 2221 ›1‹
2261 2167 2328 2214 di—

489 2237 646 2284 dicere
679 2237 906 2297 digneris,
2147 2247 2192 2289 te
2223 2253 2326 2300 rog.

431 2310 488 2357 Ut
520 2312 641 2357 hanc
673 2317 885 2359 sanctam
920 2312 1180 2371 Synodum,
1207 2319 1252 2359 et
1284 2325 1450 2360 omnes
1483 2311 1658 2371 gradus
1682 2313 2024 2361 ecclesiasticos
2058 2315 2179 2362 bene
2201 2314 2334 2370 ›Iuli-

491 2397 616 2439 cere,
651 2391 695 2432 ct
731 2397 843 2445 rege
866 2391 914 2440 ›1‹
936 2399 987 2433 re
1020 2386 1248 2445 digneris,
2151 2395 2197 2436 te
2227 2400 2328 2448 rog.

430 2458 487 2505 Ut
518 2460 640 2505 hanc
671 2467 883 2507 sanctam
915 2461 1175 2519 Synodum,
1202 2467 1248 2509 et
1277 2473 1443 2522 omnes
1475 2460 1652 2520 gradus
1685 2462 2026 2511 ecclesiasticos
2057 2463 2245 2518 beneoe
2265 2462 2334 2511 di-

489 2544 612 2588 cere,
648 2545 761 2592 rege
782 2539 831 2588 »Β
852 2546 920 2592 re,
956 2541 1001 2582 et
1034 2546 1203 2582 conser
1223 2540 1272 2588 ›1‹
1293 2546 1405 2582 vare
1437 2533 1662 2594 digneris,
2150 2543 2196 2584 te
2228 2548 2330 2599 rog.

488 2692 830 2740 procumbente
861 2692 1047 2742 iterum
1078 2693 1311 2755 Pontifiee
1342 2694 1568 2743 Litaniae
1599 2669 1928 2745 absolventur.

433 2835 493 2881 Ut
523 2834 742 2881 inimicos
773 2841 964 2882 sanctae
1000 2835 1239 2882 Ecclesiae
1271 2836 1522 2883 humiliare
1555 2836 1779 2898 digneris,
2150 2843 2196 2885 te
2227 2849 2328 2896 rog.

432 2909 490 2954 Ut
536 2908 746 2966 regibUS,
798 2914 843 2954 et
890 2909 1187 2967 principibus
1234 2909 1501 2958 christianis
1533 2922 1715 2969 pacem,
1751 2917 1796 2959 et
1827 2922 1991 2957 veram
2023 2910 2336 2958 concordiam

494 2982 671 3028 donare
704 2981 934 3041 digneriS,
2147 2991 2192 3032 te
2223 2996 2325 3044 rog.

432 3056 491 3104 Ut
523 3056 835 3114 nosmetipsos
867 3056 915 3102 in
948 3062 1030 3103 tuo
1065 3063 1226 3104 sancto
1273 3057 1463 3110 servitio
1518 3059 1801 3113 confortare,
1852 3065 1897 3105 et
1943 3070 2225 3107 conservare
2264 3057 2330 3105 di-

493 3131 670 3190 gneris,
823 3186 827 3191 ‚
2151 3138 2196 3179 te
2226 3144 2327 3191 rog.

435 3203 492 3251 Ut
523 3204 744 3250 omnibus
776 3203 1157 3251 benefactoribus
1191 3204 1363 3251 nostris
1396 3205 1685 3263 sempiterna
1718 3207 1842 3252 bona
1875 3204 2124 3260 retribuas,
2161 3211 2205 3252 te
2227 3217 2329 3263 rog.

435 3278 494 3324 Ut
524 3278 708 3323 fructus
739 3283 894 3324 terrae
926 3276 1054 3331 dare,
1091 3283 1135 3323 et
1169 3289 1450 3324 conservare
1482 3277 1710 3337 digneriS,
2152 3283 2197 3324 te
2228 3289 2328 3337 rog.

436 3352 494 3398 Ut
510 3351 731 3403 omnibus
748 3350 966 3397 fidelibus
983 3349 1215 3397 defunctis
1234 3351 1448 3408 requiem
1466 3357 1708 3398 aeternam
1728 3351 1905 3398 donare
1917 3350 2147 3409 digneriS,
2169 3357 2214 3398 te
2230 3362 2331 3409 rog.

436 3423 495 3470 Ut
527 3435 613 3470 nos
645 3422 874 3469 exaudire
906 3422 1131 3481 digneris,
1791 3449 1794 3452 ·
2151 3430 2197 3470 te
2229 3435 2329 3485 rog.

436 3497 599 3555 'Agnus
630 3495 732 3550 Dei,
768 3496 850 3553 qui
883 3496 1006 3542 tollis
1036 3502 1227 3554 peccata
1259 3497 1444 3556 mundi,
1480 3509 1620 3555 parce
1652 3497 1804 3552 nobis,
1839 3497 2054 3544 Domine.

438 3571 600 3627 ,agnus
632 3569 731 3624 Dei,
766 3569 846 3635 qui
879 3569 1001 3616 tollis
1032 3575 1224 3638 peccata
1255 3570 1437 3634 mundi,
1473 3569 1783 3627 exaudinos
1818 3570 2042 3625 Domine.
