2488 4290
2132 339 2162 399 ἐξ

241 464 301 519 33
337 463 665 533 spectacula,
709 465 915 516 maiore
952 462 1063 530 q'ua
1103 460 1330 529 possent
1364 446 1769 525 significatione
1809 465 1864 510 et
1905 456 2028 510 luce
2055 457 2161 509 ful-

243 549 478 617 gerent?
516 551 659 611 Quid
699 552 931 616 aequius
971 556 1124 614 erat,
1166 563 1335 614 quam
1388 554 1451 598 ut
1502 547 1638 597 haec
1678 546 1791 612 ipsa
1829 546 1898 596 de
1938 548 2162 610 Aposto-

239 637 423 690 lorum
445 637 760 703 Principum
783 635 1076 702 triumphis
1098 633 1416 699 gratulatiO,
1437 646 1575 698 quae
1597 632 1662 682 ad
1696 632 1866 682 totius
1892 630 2160 681 catholici

241 723 485 775 nominis
523 720 850 786 religionem
890 722 1147 787 pertinet,
1181 725 1360 771 vestro
1400 706 1566 769 etiam
1596 717 1835 767 adventu
1862 716 2159 781 studioque

243 803 653 861 celebraretur?
689 807 833 868 Quid
873 806 1096 871 dignius
1126 805 1366 867 demum,
1396 818 1565 869 quam
1589 810 1649 853 ut
1674 808 1749 854 tot
1774 808 2160 866 tantarumque

246 910 427 946 rerum
469 892 730 960 splendor
766 893 981 959 pietatis
1031 890 1335 957 laetiaeque
1392 896 1601 941 vestrae
1658 888 1967 941 accessione
2009 887 2162 937 fieret

245 978 566 1034 illustrior?
1733 1040 1736 1042 v

314 1070 375 1117 At
428 1083 539 1119 non
595 1065 775 1118 solum
834 1073 959 1133 apta
1015 1065 1179 1117 rebus
1233 1071 1285 1117 et
1339 1070 1493 1130 grata
1545 1062 1744 1124 Nobis,
1809 1059 2161 1114 venerabiles

243 1154 476 1219 FratreS,
520 1152 655 1205 haec
692 1153 899 1219 pietas,
944 1157 998 1203 et
1034 1166 1260 1203 concors
1319 1165 1445 1201 cum
1503 1147 1802 1215 apostolica
1858 1146 1996 1198 Sede
2036 1162 2164 1198 con·

245 1239 471 1302 iunctio,
513 1239 607 1291 sed
648 1244 927 1305 praeterea
967 1238 1107 1290 tanti
1148 1237 1419 1288 momenti
1463 1241 1581 1301 est,
1626 1241 1690 1286 ut
1727 1233 1952 1285 maximi
2002 1246 2063 1284 ex
2102 1248 2164 1284 ea

246 1339 308 1375 ac
343 1324 609 1377 salutares
648 1323 950 1374 admodum
988 1323 1204 1374 fructus
1256 1319 1369 1374 sive
1429 1321 1495 1372 ad
1537 1319 2019 1387 comprimendam
2059 1318 2165 1368 im-

245 1411 464 1477 piorum
502 1410 808 1474 audaciam,
850 1411 960 1460 sive
1001 1409 1069 1460 ad
1111 1422 1476 1460 communem
1537 1405 1786 1458 fidelium
1837 1411 1890 1456 et
1927 1410 2162 1455 vestram

243 1495 596 1560 singulorum
656 1493 991 1559 utilitatem,
1057 1496 1286 1546 omnino
1346 1494 1583 1545 debeant
1639 1492 1885 1544 existere.
1952 1493 2022 1541 Ex
2061 1490 2167 1540 hac

243 1580 513 1632 nimirum
572 1570 861 1646 religionis
919 1587 1324 1647 oppugnatores
1378 1577 1695 1642 intelligant
1750 1589 1969 1627 necesse
2030 1581 2161 1639 est,

242 1680 407 1730 quam
467 1666 682 1731 vigeat,
725 1681 833 1732 qua
887 1666 998 1717 vita
1054 1665 1261 1733 polleat
1316 1662 1593 1716 catholica
1651 1661 1916 1724 Ecclesia,
1995 1675 2165 1727 quam

248 1752 478 1804 infensis
514 1754 716 1803 animis
755 1753 1011 1804 insectari
1051 1768 1162 1803 non
1204 1751 1499 1804 desinunt:
1525 1750 1742 1801 discent
1770 1764 1941 1815 quam
1970 1749 2166 1812 inepto

247 1837 527 1904 stulteque
583 1838 831 1891 convicio
889 1853 1013 1890 eam
1064 1837 1238 1890 veluti
1294 1837 1618 1888 exhaustam
1673 1836 1887 1887 viribus
1945 1840 1998 1886 et
2050 1834 2169 1886 suis

251 1924 569 1977 defunctam
627 1926 965 1991 temporibus
1025 1925 1368 1977 incusarint:
1435 1922 1648 1975 discent
1705 1922 1933 1974 demum
1996 1935 2165 1987 quam

252 2209 512 2267 spettacoli
542 2207 633 2268 piu
663 2209 782 2256 belli
815 2208 1084 2257 dell'unita
1116 2208 1247 2257 della
1268 2207 1450 2255 Chiesa
1480 2203 1755 2255 cattolica‘.2
1789 2205 1918 2263 Qual
1941 2216 2056 2252 cosa
2076 2202 2168 2263 piu

253 2283 429 2340 giusta
461 2283 553 2330 che
577 2284 758 2343 questa
778 2283 1054 2330 medesima
1075 2283 1258 2330 festiva
1280 2282 1784 2339 commemorazione‚
1808 2280 1900 2327 che
1921 2279 2168 2326 interessa

253 2357 303 2402 la
338 2357 589 2416 religione
637 2357 688 2404 di
734 2358 874 2405 tutta
919 2358 968 2403 la
1015 2357 1310 2416 cattolicita,
1356 2356 1627 2403 de’trionfl
1660 2354 1981 2412 de’Principi
2029 2353 2169 2410 degli

259 2431 505 2491 Apostoli,
539 2433 754 2479 rendere
785 2431 949 2479 anche
980 2431 1187 2478 solenne
1235 2433 1310 2478 col
1359 2430 1530 2478 vostro
1573 2441 1813 2476 concorso
1844 2441 1871 2475 e
1902 2428 2171 2486 coll’opera

252 2506 425 2552 vostra
439 2503 464 2551 ⁶?
496 2506 815 2553 Finalmente
848 2506 969 2565 qual
1001 2518 1117 2552 cosa
1147 2505 1238 2564 pisi
1261 2506 1453 2564 degna,
1478 2505 1570 2551 che
1593 2517 1623 2550 a
1643 2504 1789 2549 tante
1811 2515 1838 2550 e
1860 2501 1962 2549 cosi
1983 2501 2170 2547 illustri

252 2580 415 2637 glorie
445 2592 729 2628 accrescere
760 2581 809 2627 lo
839 2581 1105 2638 splendore
1139 2579 1550 2627 coll'intervento
1583 2579 1712 2624 della
1746 2578 1918 2624 vostra
1961 2575 2100 2634 pieta
2142 2587 2170 2621 e

253 2654 383 2700 della
414 2655 586 2702 vostra
618 2652 920 2702 esultanza‘?

313 2729 396 2775 Ma
427 2741 532 2775 non
564 2729 844 2776 solamente
877 2728 1167 2787 opportuna
1198 2728 1295 2775 alle
1327 2740 1439 2774 cose
1471 2741 1498 2774 e
1531 2727 1684 2785 grata
1730 2739 1760 2772 a
1792 2726 1883 2772 Noi
1904 2759 1917 2784 ,
1950 2738 1980 2771 o
2011 2726 2172 2772 Vene-

253 2803 400 2849 rabili
431 2803 653 2863 Fratelli,
687 2803 715 2850 3
748 2803 927 2862 questa
959 2803 1132 2850 vostra
1161 2802 1299 2861 pieta
1330 2815 1358 2849 e
1389 2802 1636 2849 concorde
1669 2802 1862 2848 unione
1893 2801 2020 2847 colla
2041 2799 2169 2846 Sede

254 2877 557 2937 apostolica3
590 2889 675 2923 ma
721 2878 848 2924 oltre
896 2890 927 2923 a
971 2877 1049 2924 cio
1090 2878 1192 2925 3113
1239 2876 1267 2924 3
1313 2877 1364 2923 (11
1396 2876 1438 2923 31
1471 2877 1672 2935 grande
1704 2875 2038 2934 importanza‚
2073 2874 2166 2921 che
2205 2929 2218 2935 ᾖ

255 2951 586 3010 grandissimi
617 2952 878 3010 vantaggi
910 2965 937 2999 e
969 2952 1338 2999 sommamente
1369 2951 1585 2998 salutari
1614 2963 1679 2997 ne
1702 2950 1934 2996 debbano
1957 2950 2020 2994 ad
2043 2948 2171 3006 ogni

254 3025 404 3072 modo
434 3026 721 3086 provenire,
756 3039 785 3073 o
816 3026 891 3073 sia
921 3039 1012 3084 per
1043 3026 1376 3085 comprimere
1406 3025 1733 3072 l’ardimento
1766 3024 1905 3082 degli
1937 3023 2107 3081 empii,
2142 3035 2172 3068 o

255 3099 330 3146 313
359 3113 449 3159 per
479 3101 799 3159 procacciare
829 3101 977 3147 tanto
1006 3101 1023 3146 i
1057 3101 1265 3148 comuni
1295 3101 1415 3147 beni
1449 3100 1527 3147 de'
1547 3099 1694 3146 fedeli
1740 3099 1934 3158 quanto
1965 3098 1981 3142 1
2014 3096 2172 3144 vostri

254 3175 427 3233 propri
458 3175 766 3233 particulari.
802 3176 896 3221 Per
927 3186 1037 3222 essa
1069 3174 1112 3221 si
1134 3176 1430 3222 veramente
1453 3174 1480 3221 3
1500 3186 1599 3233 pur
1622 3174 1756 3220 forza
1777 3173 1870 3220 che
1890 3171 2172 3219 intendano

255 3248 272 3293 i
303 3248 491 3296 nemici
521 3249 652 3296 della
682 3250 932 3308 religione
980 3250 1174 3308 quanto
1222 3250 1403 3307 vigore
1452 3249 1604 3295 abbia
1645 3260 1672 3294 3
1715 3246 1767 3294 (11
1799 3248 1919 3306 qual
1951 3246 2060 3291 vita
2091 3247 2167 3290 sia

255 3322 427 3370 dotata
457 3323 507 3369 13
536 3323 770 3371 331101133
801 3323 1000 3383 chiesa,
1033 3322 1128 3370 che
1173 3324 1272 3371 essi
1323 3335 1429 3369 303
1478 3334 1687 3370 3333330
1731 3322 1783 3367 (11
1814 3320 2170 3380 perseguitare

256 3407 353 3442 con
384 3397 544 3443 animi
574 3397 723 3444 ostili.
758 3397 1197 3456 Apprenderanno
1218 3410 1313 3445 303
1336 3396 1532 3456 quanto
1553 3396 1717 3444 inetta
1738 3408 1765 3442 e
1787 3396 1938 3442 stolta
1961 3393 2172 3442 villania

255 3470 302 3517 le
332 3470 554 3518 abbiano
586 3471 707 3518 data
737 3484 859 3519 voce
891 3472 942 3518 di
974 3483 1136 3520 essere
1168 3472 1403 3530 oggimai
1434 3460 1610 3518 sfinita
1641 3483 1668 3518 e
1700 3481 1850 3518 avere
1872 3469 2001 3515 fatto
2022 3468 2057 3513 il
2079 3479 2171 3513 suo

256 3543 446 3603 tempo.
483 3546 923 3604 Apprenderanno
954 3546 1115 3594 influe
1146 3547 1343 3606 quanto
1373 3546 1683 3592 malamente
1705 3545 1747 3590 si
1772 3543 2185 3603 applaudiscano-

259 3617 338 3666 de’
360 3619 465 3666 loro
494 3619 686 3681 trionfl,
719 3632 746 3668 3
776 3621 819 3669 31
850 3619 1009 3668 fidino
1029 3621 1112 3669 ne’
1129 3621 1237 3668 loro
1259 3620 1479 3680 consigli
1500 3622 1528 3669 e
1550 3619 1752 3680 conati;
1782 3617 2016 3667 dovendo
2038 3615 2179 3662 chia·-
