2488 4290
1938 324 2078 377 237-

462 469 1120 530 OECUMENICUM
1193 470 1702 532 SECUNDUM.

607 641 1455 703 constantinopolitanum
1501 646 1553 691 1.

190 775 468 823 Concilium
501 774 1119 834 Constantinopolitanum
1141 777 1163 824 I
1184 775 1417 823 habitum
1440 777 1515 824 est
1536 789 1579 822 a.
1605 777 1710 835 381,
1743 776 1836 823 sub
1862 777 1910 822 S.
1936 776 2029 824 Da-

131 862 269 898 maso
289 850 329 909 I,
353 851 577 898 Romano
597 850 857 910 pontifice,
880 851 1083 909 propter
1114 850 1362 902 haeresim
1384 851 1679 911 Macedonli,
1703 843 2024 903 divinitatem

134 923 356 987 Spiritus
387 923 562 972 Sancti
593 925 850 983 negantis,

189 999 316 1047 Acta
345 999 499 1046 huius
529 999 740 1047 Concilii
771 1012 876 1047 non
908 1000 1105 1049 extant.

189 1064 539 1123 Interfuerunt
571 1074 656 1120 150
687 1074 918 1134 Episcopi
948 1074 1220 1134 Catholici;
1267 1076 1528 1134 praeterea
1572 1075 1785 1123 aderant
1816 1076 1875 1122 36
1919 1075 2030 1134 Epi-

129 1148 264 1208 scopi
307 1148 700 1195 macedonianae
749 1148 926 1208 partiS‚
977 1149 1067 1212 qui
1112 1151 1305 1208 tamen,
1354 1150 1583 1197 nolentes
1613 1150 1838 1209 profiteri
1878 1150 2030 1204 iidem

130 1223 421 1282 Nicaenam,
453 1223 574 1270 ante
605 1223 762 1273 finem
793 1235 820 1270 e
853 1222 1063 1282 Synodo
1095 1236 1359 1277 recessere.

187 1298 439 1345 Numerus
452 1294 766 1344 'Sessionum
797 1297 1087 1357 ignoratur.

175 1371 402 1434 ,Duravit
431 1371 713 1419 Concilium
746 1373 872 1420 duos
903 1373 1103 1421 circiter
1145 1386 1362 1434 menses,
1397 1387 1580 1435 nempe
1611 1388 1642 1421 a
1672 1387 1845 1423 mense
1878 1377 2028 1433 mam,

129 1460 228 1510 quo
272 1447 623 1494 convenerunt
652 1446 883 1506 Episcopi
917 1447 1090 1509 (iuxta
1120 1447 1339 1495 Socratis
1377 1449 1570 1498 Histor.
1604 1449 1811 1510 Eccles„
1845 1450 1932 1499 lib.
1968 1452 2028 1509 V,

129 1535 171 1570 c.
204 1521 270 1581 8),
318 1534 480 1583 usque
511 1521 576 1568 ad
604 1533 830 1569 mensem
860 1522 1059 1582 iulium,
1110 1523 1232 1570 dum
1262 1523 1449 1587 quippe
1497 1542 1517 1565 «
1548 1523 1642 1570 VII
1674 1524 1788 1575 idus
1819 1525 1969 1576 iulias
2002 1544 2022 1569 i>

129 1596 250 1646 editi
279 1598 401 1644 sunt
431 1596 656 1644 eiusdem
686 1609 906 1645 canones
937 1597 988 1645 et
1019 1597 1357 1646 definitiones.

187 1672 281 1720 Hic
311 1672 552 1731 Symbolo
582 1671 805 1720 Nicaeno
835 1672 1040 1731 propter
1072 1685 1266 1720 novum
1296 1673 1578 1722 Macedonii
1600 1687 1821 1723 errorem
1841 1675 2031 1726 inserta

127 1747 226 1795 fuit
253 1746 448 1806 plenior
481 1746 751 1794 declaratio
785 1747 1044 1795 doctrinae
1067 1746 1343 1796 catholicae
1365 1749 1426 1797 de
1448 1748 1643 1809 Spiritu
1663 1750 1868 1810 Sancto,
1892 1752 2028 1799 unde

129 1822 337 1870 vocatur
367 1822 606 1882 deinceps
634 1821 916 1882 Symbolum
946 1823 1218 1873 Nicacmcm
1253 1822 1860 1885 Constantinopolitanum.

187 1896 319 1954 Quid
363 1896 537 1944 Patres
579 1896 634 1943 in
680 1896 904 1944 Concilio
940 1897 1236 1956 praesentes
1267 1897 1489 1958 egerint,
1522 1899 1724 1958 ipsimet
1752 1900 1832 1947 his
1864 1901 2030 1948 verbis

129 1970 452 2030 exprimunt:
493 1989 514 2012 «
544 1971 772 2018 Primum
804 1971 1008 2032 quidem
1029 1972 1254 2020 mutuam
1274 1972 1406 2021 inter
1434 1983 1519 2021 nos
1549 1973 1857 2022 concordiam
1886 1988 2030 2023 reno-

130 2045 391 2104 vavimus3
441 2045 621 2093 deinde
670 2058 789 2094 vero
824 2046 1004 2094 breves
1035 2047 1189 2094 etiam
1219 2045 1677 2107 pronunciavimus
1707 2048 2030 2110 definitione&

130 2118 316 2178 quibus
345 2119 396 2166 et
425 2119 655 2177 Patrum,
689 2119 779 2180 qui
809 2120 1022 2168 Nicaeae
1053 2120 1360 2180 congregati
1401 2122 1630 2181 fuerunt,
1666 2122 1823 2183 fidem
1851 2125 2030 2172 confir-

129 2193 400 2252 mavimus,
433 2193 483 2241 et
514 2206 645 2254 quae
675 2194 920 2242 adversus
950 2208 1062 2244 eam
1093 2195 1297 2243 obortae
1329 2196 1468 2256 sunt,
1501 2210 1764 2257 perversas
1794 2199 2027 2248 haereses

129 2280 189 2314 ac
219 2279 402 2326 pravas
431 2268 694 2327 opiniones
737 2282 937 2316 summa
984 2283 1102 2317 cum
1146 2270 1470 2319 execratione
1501 2285 1561 2320 ac
1593 2273 1925 2321 detestatione
1956 2289 2028 2322 re—

129 2341 481 2402 probavimus3
527 2343 788 2402 praeterea
818 2344 971 2391 etiam
1002 2346 1067 2392 ad
1098 2345 1233 2393 recte
1264 2345 1682 2395 constituendum
1711 2348 1763 2396 et
1792 2349 2027 2397 ordinan-

130 2416 251 2463 dum
281 2416 471 2464 statum
501 2417 553 2465 et
583 2417 901 2478 disciplinam
932 2420 1259 2468 ecclesiarum
1280 2420 1444 2468 certos
1464 2433 1665 2471 canones
1686 2421 1974 2471 statuimus.
1999 2443 2020 2465 »

184 2490 419 2540 Ceterum
459 2492 739 2540 Concilium
776 2493 931 2554 istud,
965 2495 1029 2542 ad
1061 2495 1196 2554 quod
1228 2496 1486 2543 Romanus
1517 2497 1751 2545 Pontifex
1784 2510 1902 2546 suos
1934 2500 2024 2546 Le-

81 2610 86 2615 .
129 2565 277 2625 gatos
320 2566 457 2613 haud
504 2567 725 2627 miserat,
770 2569 956 2629 quippe
1007 2569 1142 2629 quod
1192 2570 1351 2616 solam
1402 2572 1674 2618 Ecclesiam
1728 2573 2027 2622 orientalem

127 2640 402 2699 spectabat,
435 2641 498 2688 ab
529 2642 765 2689 omnibus
794 2642 1096 2702 agnoscitur
1126 2643 1203 2690 uti
1234 2646 1590 2694 oecumenicum
1611 2659 1675 2694 ex
1699 2660 1799 2706 quo
1831 2660 1860 2693 a
1891 2648 2027 2706 Papa

126 2715 340 2762 Damaso
372 2715 728 2763 confirmatum
757 2717 858 2764 fuit
890 2717 1016 2776 (ipso
1047 2717 1224 2765 Photio
1263 2719 1407 2780 teste)
1433 2734 1444 2767 ε
1493 2721 1728 2782 quamvis
1758 2734 1817 2768 ea
1848 2723 2027 2769 confir-

126 2788 280 2836 matio
311 2802 414 2836 non
447 2791 510 2836 ad
540 2790 772 2838 Canones
802 2791 1168 2851 disciplinareS,
1213 2794 1300 2840 sed
1341 2794 1406 2841 ad
1437 2795 1555 2843 fidei
1585 2797 1746 2844 solum
1780 2796 2025 2845 definitio-

126 2875 244 2912 nem
272 2864 594 2912 extendatur.

660 3024 1134 3086 OECUMENICUM
1174 3027 1491 3087 TERTIUM.

859 3187 1294 3249 Ephesium.
1343 3187 1345 3189 ’

187 3317 467 3365 Concilium
510 3318 820 3378 Ephesinum
851 3319 1083 3367 habitum
1114 3320 1190 3369 est
1220 3334 1264 3368 a.
1299 3322 1404 3382 431,
1438 3323 1531 3370 sub
1575 3323 1623 3369 S.
1666 3325 1947 3373 Coelestino
1979 3327 2020 3380 Ι,

129 3391 353 3439 Romano
397 3392 656 3446 Pontifice‚
688 3394 892 3453 propter
930 3395 1178 3443 haeresim
1207 3396 1439 3457 Nestorii,
1473 3398 1703 3458 Episcopi
1735 3398 2021 3447 Constanti-

130 3465 424 3526 nopolitani‚
469 3467 557 3527 qui
602 3467 832 3516 statuens
863 3470 990 3516 duas
1018 3469 1073 3515 in
1105 3469 1304 3518 Christo
1334 3484 1591 3532 personaS‚
1626 3473 1679 3519 B.
1717 3475 1773 3519 V.
1810 3475 2019 3529 Mariam

129 3539 367 3607 appellari
397 3552 540 3602 posse
569 3541 856 3595 Theotokon
888 3543 994 3592 sive
1023 3542 1112 3599 Dei
1144 3542 1454 3594 Genitricem
1487 3546 1729 3605 negabat.
