2488 4290
2055 356 2122 410 175

223 471 467 531 Nostram
507 477 575 528 ad
610 491 706 527 vos
740 489 927 527 rursus
964 471 1275 539 dirigimus,
1319 477 1370 523 et
1395 472 1626 537 maiore,
1668 486 1775 537 qua
1810 485 2111 537 possumus,

223 564 394 615 ammi
433 563 614 615 Nostri
653 562 1003 614 contentione
1042 559 1146 612 Vos
1184 559 1565 622 obsecramus,
1608 571 1900 608 monemus
1938 562 1990 606 et
2027 556 2120 605 ob-

224 656 488 700 testamur
524 655 584 699 ut
623 650 691 700 ad
730 647 979 699 eamdem
1028 643 1341 710 generalem
1381 645 1662 709 Synodum
1702 643 1993 694 convenire
2032 656 2122 692 ve-

225 733 359 799 litis,
400 734 868 800 quemadmodum
908 733 1134 784 Maiores
1170 731 1347 782 Vestri
1385 735 1757 782 convenerunt
1812 729 1878 779 ad
1930 727 2122 777 Conci-

223 810 364 871 lium
404 821 772 884 Lugdunense
810 819 887 886 II,
930 836 961 871 a
998 817 1164 870 recol.
1211 833 1372 868 mem.
1416 819 1470 868 B.
1516 815 1776 880 Gregorio
1816 813 1860 863 X
1898 812 2123 863 Praede-

224 921 431 958 cessere
468 900 658 957 Nostro
697 906 969 970 habitum,
1013 911 1066 955 et
1102 905 1168 955 ad
1207 903 1585 954 Florentinum
1613 898 1921 952 Concilium
1960 913 1991 948 a
2027 897 2114 949 sel.

222 992 427 1044 record.
472 993 712 1056 Eugenio
751 992 815 1043 IV
838 1032 853 1057 ,
901 993 1035 1043 item
1075 992 1355 1042 Decessore
1394 990 1580 1043 Nostro
1620 987 1958 1040 celebratum
1987 1026 2000 1046 ,
2065 989 2124 1033 ut

222 1077 542 1130 dilectionis
581 1080 838 1144 antiquae
875 1078 1094 1143 legibus
1127 1076 1416 1138 renovatis,
1462 1082 1516 1127 et
1555 1077 1775 1126 Patrum
1812 1068 1971 1138 pace,
2007 1084 2125 1120 cae-

224 1163 343 1216 lesti
385 1164 484 1215 illo
522 1179 582 1215 ac
618 1164 845 1216 salutari
884 1163 1086 1215 Christi
1125 1163 1269 1214 dono
1309 1162 1458 1228 quod
1500 1168 1745 1228 tempore
1784 1158 2015 1222 exaruit,
2057 1156 2125 1207 ad

222 1250 467 1315 vigorem
507 1251 707 1302 iterum
744 1256 991 1302 revocata
1027 1247 1117 1318 (1),
1159 1255 1282 1315 post
1308 1249 1533 1314 longam
1560 1247 1834 1298 moeroris
1860 1242 2123 1296 nebulam

224 1343 278 1387 et
314 1336 526 1388 dissidii
565 1337 814 1387 diuturni
871 1342 1044 1387 atram
1107 1336 1490 1400 ingratamque
1530 1334 1827 1397 caliginem
1867 1345 2124 1382 serenum

223 1423 480 1473 omnibus
517 1423 745 1473 unionis
783 1427 992 1488 optatae
1031 1421 1197 1473 iubar
1234 1419 1516 1472 illucescat
1554 1420 1633 1483 (2).

295 1510 466 1574 Atque
503 1507 599 1559 hic
637 1508 706 1559 sit
744 1508 1185 1559 iucundissimus
1240 1506 1642 1559 benedictionis
1698 1506 1912 1557 fructus
1941 1544 1956 1569 ,
2018 1518 2126 1569 quo

214 1593 463 1645 Christus
499 1592 647 1645 Iesus
684 1600 938 1646 nostrum
977 1595 1231 1646 omnium
1270 1594 1539 1645 Dominus
1566 1599 1618 1644 et
1655 1592 1983 1657 Redemptor
2019 1589 2128 1640 Im-

221 1678 555 1731 maculatam
591 1696 654 1732 ac
690 1680 1105 1732 dilectissimam
1151 1680 1422 1746 Sponsam
1462 1695 1620 1731 suam
1660 1675 1990 1731 catholicam
2030 1678 2127 1727 Ec-

223 1763 442 1817 clesiam
480 1765 823 1833 consoletur,
891 1767 1119 1833 eiusque
1169 1772 1436 1833 temperet
1473 1773 1527 1817 et
1565 1767 1835 1829 abstergat
1870 1763 2126 1816 laer-imas

223 1851 282 1902 in
323 1851 427 1903 hac
461 1853 747 1918 asperitate
788 1858 1115 1920 temporum,
1161 1859 1239 1916 ut,
1286 1853 1441 1904 omni
1469 1852 1736 1904 divisione
1775 1851 2000 1917 pen-itus
2038 1866 2128 1902 su-

224 2109 252 2144 e
282 2107 376 2144 con
407 2098 600 2156 quanto
630 2098 878 2156 possiamo
908 2098 1178 2157 mag-glore
1209 2098 1367 2144 sforzo
1399 2095 1688 2144 dell’animo
1720 2093 1771 2143 vi
1793 2092 2117 2155 preghiamo,

226 2172 564 2219 ammoniamo
597 2185 623 2218 e
654 2173 1035 2231 scongiuriamo
1066 2173 1157 2219 che
1190 2172 1415 2231 vogliate
1454 2172 1652 2219 recarvi
1690 2184 1721 2218 a
1752 2171 1929 2231 questo
1971 2183 2126 2230 30110-

225 2245 328 2292 rale
370 2244 621 2305 Concili0,
655 2258 795 2293 come
841 2247 1070 2306 appunto
1115 2247 1132 2292 i
1182 2246 1336 2293 vostri
1381 2246 1642 2305 maggiori
1689 2246 1731 2291 si
1778 2257 2021 2292 recarono
2076 2243 2126 2291 al

224 2317 449 2366 Concilio
480 2320 527 2364 II
560 2320 611 2366 di
643 2321 814 2379 Lione,
846 2321 1026 2367 tenuto
1069 2321 1150 2366 dal
1183 2320 1238 2367 B.
1273 2321 1520 2380 Gregorio
1551 2322 1624 2379 X,
1659 2321 1837 2367 Nostro
1868 2318 2125 2377 predeces-

222 2404 331 2439 sore
376 2393 426 2439 di
473 2394 714 2441 venerata
757 2395 1016 2455 memoria,
1049 2395 1110 2442 ed
1157 2408 1188 2441 a
1228 2397 1394 2455 quello
1426 2395 1477 2441 di
1507 2395 1733 2454 Firenze,
1767 2394 2023 2441 celebrato
2055 2393 2121 2439 da

224 2467 457 2526 Eugenio
488 2469 555 2513 IV
587 2469 638 2515 di
667 2469 807 2516 felice
840 2470 1151 2529 ricordanza,
1186 2482 1213 2516 e
1244 2469 1526 2528 parimente
1548 2471 1727 2517 Nostro
1759 2469 2124 2527 predecessore3

224 2542 503 2602 acciocche,
536 2543 806 2591 rinnovate
836 2545 882 2591 le
913 2545 1060 2604 leggi
1094 2545 1386 2600 dell’antica
1433 2545 1706 2603 dilezione‚
1740 2556 1766 2590 e
1796 2545 1846 2589 la
1876 2555 1999 2602 pace
2047 2543 2127 2589 dei

224 2615 390 2676 Padri‚
424 2617 555 2664 dono
585 2619 764 2665 celeste
796 2632 823 2666 e
866 2619 1088 2667 salutare
1135 2618 1186 2664 di
1218 2618 1398 2678 Orist0‚
1432 2619 1524 2665 che
1570 2618 1756 2665 inaridl
1802 2618 1877 2664 col
1922 2618 2092 2676 tempo
2111 2652 2124 2677 ,

225 2690 513 2737 richiamati
542 2692 598 2738 in
630 2692 827 2751 vigore,
862 2693 990 2752 dopo
1020 2695 1187 2751 lunga
1219 2693 1404 2740 nebbia
1453 2694 1503 2739 di
1549 2693 1782 2740 tristezza
1827 2692 1888 2739 ed
1921 2691 2034 2738 atra
2064 2692 2128 2738 ed

225 2765 435 2823 ingrata
463 2763 697 2826 caligine
716 2767 767 2813 di
789 2767 1034 2814 diuturna
1055 2769 1395 2827 separazione,
1422 2768 1617 2826 rifulga
1638 2780 1727 2826 per
1748 2767 1874 2813 tutti
1894 2767 1929 2812 il
1951 2779 2127 2813 sereno

226 2839 490 2898 splendore
509 2839 639 2887 della
659 2840 940 2888 desiderata
962 2842 1170 2890 unione.

286 2914 325 2959 E
354 2914 531 2974 questo
561 2915 636 2962 sia
665 2915 701 2960 il
733 2916 1126 2975 giocondissimo
1155 2917 1317 2965 frutto
1351 2917 1403 2963 di
1434 2917 1779 2977 benedizione,
1802 2916 1932 2963 onde
1963 2914 2128 2979 Oristo

226 2987 380 3047 Gesu,
411 2987 628 3047 Signore
657 3002 684 3035 e
714 2990 996 3038 Redentore
1028 2991 1080 3038 di
1108 2991 1234 3039 tutti
1266 2992 1369 3051 noi,
1403 2991 1559 3039 allieti
1590 2992 1640 3037 13
1670 2992 1904 3038 cattolica
1926 2990 2124 3049 Chiesa,

226 3074 319 3109 sua
348 3074 494 3121 sposa
522 3062 843 3111 immacolata
875 3077 902 3111 e
934 3065 1254 3112 dilettissima
1273 3101 1286 3125 ,
1320 3078 1347 3112 e
1394 3066 1471 3112 001
1517 3067 1666 3125 quale
1696 3065 1887 3112 lenisca
1918 3078 1945 3111 0
1977 3065 2128 3122 terga

225 3138 272 3199 le
300 3138 516 3195 lagi-ime
547 3137 598 3183 (11
627 3137 691 3184 101
720 3138 775 3184 111
807 3138 986 3199 questa
1017 3151 1252 3199 asprezza
1281 3140 1332 3186 di
1364 3140 1540 3199 tempi,
1574 3138 1854 3198 acciocche,
1889 3139 2015 3185 tolta
2040 3139 2131 3205 via

227 3211 306 3258 del
333 3210 470 3258 tutto
500 3212 626 3270 ogni
657 3212 920 3272 divisione,
953 3214 999 3260 le
1030 3213 1158 3274 voci,
1182 3215 1347 3274 prima
1378 3214 1611 3274 discordi,
1636 3227 1730 3261 con
1762 3213 1977 3273 perfetta
1999 3225 2125 3259 una-

233 3472 235 3474 ·
290 3399 351 3464 (1)
386 3403 544 3462 Epist.
594 3402 759 3462 LXX,
795 3402 860 3448 al.
893 3400 1069 3448 GCXX
1116 3402 1167 3448 S.
1218 3401 1388 3448 Basilii
1436 3401 1615 3460 Magni
1658 3401 1721 3448 ad
1765 3401 1814 3448 S.
1850 3402 2126 3447 Damasum

230 3476 544 3611 Ptlgssssefin.
594 3552 644 3597 S.
693 3563 885 3599 oecum.
937 3551 1132 3609 Synodi
1178 3550 1398 3598 Florent.
1453 3551 1507 3597 in
1560 3551 1704 3598 Bulla
1759 3547 1976 3607 Eugenii
2009 3548 2118 3594 IV:

231 3625 495 3673 Laetentur
535 3625 670 3673 coeli.
1213 3626 1222 3634 ‘
