2488 4290
1976 331 2030 378 71

117 439 235 475 rum
263 426 444 483 opibus
485 426 798 484 auxiliisque
843 427 1118 486 indigeant
1152 426 1232 485 (l).
1283 427 1523 474 Ceterum
1556 429 1794 487 Ecclesia,
1833 431 1908 476 tot
1944 433 2025 479 be-

2 546 8 558 ,
117 499 431 558 neficiorum,
466 501 657 558 quibus
689 501 825 547 Deus
856 502 1104 559 populum
1129 502 1284 548 Israel
1307 501 1428 548 oum
1450 501 1710 560 distinxit,
1735 516 2023 563 numquam

115 575 395 631 immemor,
428 585 574 621 orare
604 586 694 632 pro
728 575 930 622 Iudaeis
962 575 1248 633 consuevit,
1285 574 1346 620 ut
1376 576 1547 623 ablato
1579 577 1832 625 velamine
1864 590 1895 624 a
1919 592 2027 626 cor-

0 692 11 701 ,
119 648 269 696 dibus
309 659 487 695 eorum
529 647 580 694 et
619 648 716 705 ipsi
766 648 952 707 agnita
1000 647 1232 696 veritatis
1280 649 1409 707 luce,
1443 661 1576 707 quae
1606 650 1844 699 Christus
1874 653 1968 711 est,
2002 667 2030 702 a

0 760 6 767 .
38 718 45 725 ’
117 721 226 771 suis
254 721 479 770 tenebris
510 721 781 769 eruantur.

436 889 533 936 llo
556 888 866 969 ‘lectione
898 892 968 938 et
1000 888 1313 939 editione
1344 889 1717 941 librorum.

40 1087 42 1090 y
189 1034 506 1082 Admirabile
536 1034 762 1093 pretium
795 1036 1030 1083 veritatis
1061 1036 1340 1085 catholicae
1371 1039 1533 1097 poscit
1564 1041 1788 1100 omnine,
1813 1040 1875 1087 ut
1895 1053 2035 1089 error

31 1104 45 1161 J
119 1108 172 1158 et
200 1108 528 1155 mendacium
559 1109 623 1156 ab
655 1122 741 1156 ore
772 1109 824 1157 et
855 1111 1017 1157 oculis
1049 1110 1463 1160 Christianorum
1494 1116 1876 1162 removeantur.
1902 1116 2028 1162 San-

1 1199 42 1249 ‚'{
121 1181 364 1231 etimonia
395 1182 533 1229 vitae
565 1183 878 1231 christianae
909 1196 1014 1231 non
1046 1185 1222 1231 minus
1254 1187 1429 1246 urget,
1469 1187 1532 1234 ut
1572 1187 1840 1247 tamquam
1885 1203 2035 1238 vene-

54 1311 57 1314 ,
84 1267 92 1277 ·
119 1267 249 1303 num
278 1268 428 1303 omne
461 1257 694 1316 verbum,
729 1259 867 1316 quod
899 1270 1102 1305 morum
1135 1260 1343 1307 candori
1377 1262 1574 1320 noceat,
1609 1263 1990 1327 abhorreamus.

178 1331 304 1378 Inde
335 1330 508 1378 fideles
539 1331 784 1379 obtestari
817 1344 922 1380 non
955 1343 1247 1392 cessamuss
1265 1334 1326 1380 ut
1357 1336 1413 1381 in
1446 1336 1594 1383 tanta
1625 1338 1874 1385 librorum
1906 1340 2035 1385 mul-

3 1452 46 1470 W
120 1404 349 1453 titudine
379 1404 629 1464 tantoque
659 1407 869 1465 legendi
900 1406 1089 1466 studiO,
1124 1409 1261 1465 quod
1308 1409 1587 1457 hodiedum
1634 1412 1831 1459 animos
1877 1414 2036 1460 homi-

10 1470 46 1499 ”“
90 1491 252 1529 ,ηοω
284 1480 442 1540 tenet,
477 1481 541 1528 ab
573 1481 713 1528 omni
746 1480 963 1528 lectione
993 1482 1091 1529 sibi
1129 1482 1353 1529 sollicite
1399 1483 1635 1544 caveant,
1668 1497 1801 1543 quae
1831 1498 1923 1544 pro
1956 1501 2036 1534 ve-

40 1547 41 1550 ’
121 1555 275 1605 ritate
305 1557 648 1616 mendacium,
698 1568 790 1615 pro
838 1556 1191 1605 aedificatione
1237 1559 1541 1606 scandalum
1572 1559 1623 1607 et
1659 1563 2037 1618 perversionem

119 1629 358 1680 seminat.
393 1631 723 1680 Meminerint
754 1633 1013 1679 neminem
1044 1633 1165 1680 inde
1196 1632 1329 1679 strui
1361 1645 1523 1692 posse,
1558 1635 1697 1682 unde
1729 1635 2033 1693 destruitur;

11 1719 46 1776 53-
120 1717 286 1765 neque
317 1707 381 1754 ab
415 1719 472 1754 eo
504 1706 810 1766 illuminari,
845 1720 876 1754 a
907 1719 1009 1766 quo
1041 1707 1459 1755 contenebratur.
1498 1708 1560 1754 Et
1592 1711 1832 1767 quamvis
1853 1711 1907 1756 in
1929 1723 2037 1768 pes-

116 1778 262 1827 simis
291 1791 498 1838 quoque
527 1779 675 1827 libris
706 1780 905 1838 aliquid
936 1781 1045 1827 veri
1076 1781 1303 1839 bonique
1351 1782 1646 1828 admixtum
1688 1795 1795 1830 esse
1841 1784 2030 1831 soleat:

8 1844 48 1914 ’ζ
119 1854 330 1903 minime
359 1853 536 1900 tamen
569 1854 646 1900 fas
677 1852 793 1913 erit,
827 1866 948 1901 cum
978 1855 1207 1912 periculo
1238 1855 1319 1901 vel
1356 1856 1513 1903 etiarn
1561 1857 1748 1904 damno
1795 1858 2036 1905 aeternae

120 1926 304 1976 salutis
337 1939 516 1986 sparsa
544 1927 746 1974 lumina
776 1940 932 1986 penes
964 1927 1201 1976 tenebras
1233 1941 1495 1989 quaerere,
1530 1931 1655 1977 dum
1697 1931 1865 1979 clarae
1905 1933 2037 1979 lucis

54 1992 59 2004 ³
87 2007 91 2011 ’
121 2001 350 2061 thesauri
383 2001 439 2047 in
471 2000 580 2048 tam
610 2000 791 2048 multis
822 2003 1097 2060 praeclaris
1146 2003 1291 2049 libris
1339 2003 1703 2061 perfectissime
1734 2005 1785 2052 et
1815 2007 1926 2053 sine
1957 2020 2039 2064 pe-

19 2086 50 2123 fs
118 2075 284 2124 riculo
318 2076 504 2123 veneni
553 2075 993 2134 suppeditantur„
1019 2076 1255 2124 Audiant
1286 2077 1463 2136 itaque
1500 2091 1674 2126 omnes
1706 2080 1919 2128 Matrem
1950 2083 2036 2128 Ec-

119 2150 339 2209 clesiam,
373 2161 507 2208 quae
536 2150 746 2212 sanctae
776 2151 895 2198 fidei
926 2162 1108 2198 secura
1139 2151 1313 2198 custos
1346 2152 1400 2199 et
1431 2151 1569 2200 vitae
1605 2153 1843 2202 aeternae
1890 2156 2037 2201 infal-

121 2224 278 2272 libilis
309 2222 566 2283 magistra
597 2223 729 2271 filios
760 2236 880 2271 suos
922 2226 1253 2282 praemunire
1301 2226 1530 2285 cupienS,
1574 2239 1835 2285 perversos
1883 2229 2038 2275 libros

26 2303 42 2315 ''
121 2297 291 2358 digito
321 2297 592 2356 monstrat,
626 2298 693 2346 ad
722 2297 887 2345 instar
921 2299 1261 2346 sollicitorum
1291 2299 1586 2359 parentum,
1622 2302 1714 2360 qui
1756 2303 2037 2351 venenatas

122 2371 325 2431 plantas
356 2373 534 2431 procul
567 2385 594 2420 e
624 2373 868 2420 manibus
899 2374 1180 2421 liberorum
1210 2385 1425 2421 suorum
1456 2375 1655 2432 ereptas
1687 2377 1985 2434 proiiciunt.

182 2446 317 2493 Hinc
348 2446 555 2493 divinas
586 2445 638 2494 et
669 2446 1037 2494 ecclesiasticas
1083 2448 1225 2506 leges
1268 2448 1507 2496 fidelibus
1537 2449 1592 2495 in
1624 2449 1850 2497 mentem
1897 2463 2038 2499 revo-

12 2525 46 2575 χ
115 2533 257 2581 care,
281 2520 454 2568 Patres
474 2521 531 2567 in
553 2520 764 2580 Synodo
788 2521 1100 2581 congregati
1122 2523 1466 2570 necessarium
1488 2524 1713 2572 censent.
1740 2525 1859 2572 Sine
1880 2526 2037 2573 dubio

115 2595 262 2643 ⁴enim
290 2595 342 2644 et
372 2596 566 2654 proprii
596 2595 648 2643 et
679 2596 836 2644 alieni
866 2595 1063 2654 peccati
1096 2608 1206 2644 reos
1231 2596 1291 2644 ‘se
1316 2597 1532 2658 faciunt,
1556 2599 1647 2656 qui
1669 2599 1825 2646 libros
1857 2601 2039 2658 impios

43 2663 59 2702 ἶ
125 2682 231 2717 non
263 2669 473 2717 tantum
505 2670 603 2728 ipsi
635 2671 878 2732 manibus
909 2670 1153 2730 tractant,
1188 2671 1275 2718 sed
1307 2671 1358 2718 et
1389 2672 1503 2718 aliis
1533 2674 1779 2732 legendos
1812 2675 2039 2721 commit-

40 2797 42 2804 ,
125 2743 264 2803 tunt,
298 2744 403 2792 imo
433 2743 675 2792 suadent.
701 2744 1005 2792 Praesertim
1027 2745 1101 2791 illi
1123 2757 1354 2796 severam
1375 2746 1539 2793 Iudici
1561 2746 1767 2794 aeterno
1789 2747 2039 2796 rationem

42 2807 54 2845 .‘
122 2818 354 2878 reddent,
387 2820 478 2877 qui
509 2819 665 2866 libros
696 2819 946 2866 eiusmodi
979 2820 1060 2866 vel
1094 2819 1251 2867 etiam
1281 2819 1539 2880 imagines
1570 2822 1789 2868 lascivas
1821 2835 2036 2870 exarare

22 2885 50 2942 s
124 2891 217 2939 aut
248 2892 481 2940 consulto
515 2893 795 2953 divulgare
840 2894 1051 2953 audent,
1101 2894 1374 2953 postquam
1420 2895 1482 2942 de
1528 2896 1814 2954 perniciosa
1862 2911 2038 2945 corum

36 2971 52 3003 1
122 2967 293 3015 indole
324 2969 406 3015 vel
439 2966 595 3026 ultr0,
631 2968 712 3015 vel
745 2968 986 3016 monente
1017 2970 1241 3017 Ecclesia
1262 2969 1566 3018 constiterit.
1593 2972 1869 3030 Quumque
1892 2973 2038 3020 Sum-

0 3041 46 3098 >J
125 3053 332 3089 morum
364 3041 674 3089 Pontificum
705 3055 848 3101 cura,
883 3042 944 3088 ut
974 3043 1165 3101 scripta
1195 3045 1304 3091 sive
1334 3043 1605 3104 haeretica,
1639 3046 1747 3092 sive
1778 3046 1956 3104 pietati
1990 3048 2040 3094 et

119 3127 331 3163 *morum
359 3116 616 3164 honestati
649 3117 866 3164 adversa
897 3118 1099 3164 facilius
1120 3118 1569 3179 dignoscerentur,
1593 3119 1862 3180 catalogus
1890 3122 2040 3169 libro-

7 3190 52 3249 ,ᾗ
125 3201 244 3238 rum
273 3190 652 3249 prohibitorum
683 3204 775 3239 seu
807 3192 969 3239 Index
1001 3193 1202 3250 praesto
1245 3192 1329 3252 sit,
1363 3195 1515 3240 cuius
1562 3195 1739 3242 tenore
1786 3196 1956 3243 fideles
1988 3196 2039 3244 et

78 3251 84 3270 '
123 3264 354 3312 maxime
391 3265 678 3314 sacerdotes
724 3266 1021 3314 huiusmodi
1068 3267 1296 3324 pericula
1342 3267 1510 3316 vitare
1556 3269 1838 3318 docentur:
1889 3283 2036 3317 nemo

11 3337 21 3389 ζ’
47 3400 49 3402 ,
124 3337 279 3386 iuxta
308 3329 537 3388 eiusdem
566 3340 943 3401 praescriptum
973 3342 1241 3391 damnatos
1272 3356 1333 3390 ac
1363 3345 1657 3402 reprobatos
1688 3346 1843 3394 libros
1865 3347 2036 3405 legere

0 3462 101 3622 Ξ
186 3557 248 3619 (1)
279 3560 491 3620 Encycl.
528 3561 632 3610 dat.
670 3563 726 3612 14
756 3563 866 3611 iun.
906 3562 1018 3612 1751
1057 3576 1081 3612 «
1113 3565 1158 3612 A
1189 3576 1292 3624 quo
1322 3564 1636 3623 primum.»
