2488 4290
427 307 514 358 290
579 350 581 352 ,

429 420 681 471 Nostrum
721 420 987 484 respicere
1028 418 1283 480 contenti,
1332 431 1454 467 eam
1491 429 1709 481 quoque
1748 414 1950 466 mentis
1987 412 2324 467 docilitatem

431 503 729 558 induamus
766 517 984 555 necesse
1023 507 1133 568 est,
1176 508 1237 552 ut
1272 501 1460 552 Eidem
1498 499 1734 552 libenter
1772 505 1885 550 toto
1923 499 2095 551 cordis
2132 499 2328 552 affectu

430 590 714 643 audientes
775 590 961 641 simus,
1028 588 1143 640 Hoc
1204 593 1282 640 est
1344 586 1492 638 enim
1553 584 1701 650 quod
1738 585 1852 650 ipse
1889 585 2042 636 Pater
2080 584 2328 638 caelestis

426 675 717 729 Maiestatis
756 690 883 726 suae
921 675 1239 726 auctoritate
1277 671 1587 738 praecepit,
1634 685 1763 723 cum
1800 668 2076 724 revelante
2113 671 2326 725 Christo

427 762 662 814 Domino
701 760 933 825 gloriam
973 775 1129 810 suam
1167 759 1226 809 in
1266 764 1454 809 monte
1491 756 1769 823 praecelso
1809 771 1993 809 coram
2033 756 2215 810 electis
2255 765 2328 812 te·

427 848 614 903 stibus:
665 869 683 892 α
719 847 818 898 Hic
856 853 969 910 est,
1012 844 1195 910 inquit
1215 883 1231 910 ,
1273 843 1443 895 Filius
1480 858 1637 895 meus
1674 841 1907 903 dilectus
1943 843 2001 894 in
2041 859 2150 910 quo
2187 844 2328 899 mihi

426 937 566 990 bene
606 932 928 999 complacui;
971 930 1154 996 Ipsum
1193 928 1389 979 audite.
1434 948 1455 976 υ
1493 927 1669 980 Iesum
1708 928 1881 994 igitur
1916 943 2089 996 prono
2126 918 2327 984 mentis

430 1019 694 1085 obsequio
734 1018 1022 1068 audiamus
1060 1018 1249 1081 ntique
1288 1015 1348 1065 in
1388 1016 1543 1066 omni
1581 1031 1657 1079 re,
1722 1022 1778 1068 at
1837 1016 1894 1067 in
1937 1030 2000 1068 ea
2036 1016 2328 1084 praecipue

430 1120 594 1175 quam
635 1104 751 1170 Ipse
792 1105 866 1155 ita
905 1102 1055 1153 cordi
1095 1100 1304 1167 habuit,
1348 1107 1409 1152 ut
1446 1116 1807 1167 praenoscens
1838 1101 2329 1170 difficultates‘qui-
2367 1166 2373 1171 „
2431 1151 2434 1153 .
2471 1124 2488 1193 Ἀ

425 1191 528 1244 hus
567 1192 682 1258 ipsa
720 1189 951 1240 obnoxia
977 1186 1161 1238 futura
1199 1195 1338 1239 esset
1374 1189 1432 1239 in
1473 1188 1704 1253 mund0‚
1747 1189 1812 1240 de
1848 1186 1947 1240 illa
1971 1189 2090 1255 ipsa
2112 1189 2328 1246 Patrem

422 1291 589 1330 suum
630 1276 910 1328 obsecrare
959 1273 1018 1323 in
1065 1273 1359 1324 novissima
1397 1273 1573 1325 Caena
1611 1273 1797 1325 effusis
1832 1275 2153 1342 iteratisque
2187 1279 2330 1332 votis
2404 1304 2415 1316 ·

428 1376 539 1413 non
581 1360 855 1412 omiserit:
938 1380 957 1406 «
996 1359 1153 1410 Pater
1215 1359 1416 1430 Sancte
1443 1397 1460 1424 ,
1526 1359 1680 1410 serv‘a
1741 1374 1834 1410 eos
1870 1359 1929 1410 in
1966 1361 2192 1414 nomine
2230 1367 2327 1414 tuo

426 1461 565 1513 quos
604 1445 802 1497 dedisti
835 1445 992 1507 mihi,
1039 1451 1100 1495 ut
1136 1445 1249 1496 sint
1285 1459 1462 1495 unum
1503 1445 1643 1496 sicut
1677 1444 1780 1497 Nos
1818 1443 1900 1514 (1).
1944 1465 1966 1493 υ
2008 1445 2122 1498 Una
2144 1446 2329 1513 itaque

428 1532 616 1584 anima
655 1545 780 1583 cum
820 1545 932 1581 uno
961 1530 1120 1582 corde
1146 1529 1204 1580 in
1233 1528 1442 1582 Christo
1481 1529 1602 1581 Iesu
1641 1529 1712 1581 sit
1749 1530 1977 1583 cunctis.
2020 1531 2136 1583 Non
2174 1530 2330 1586 aliud

428 1631 558 1670 sane
591 1616 758 1670 Nobis
797 1615 995 1668 maiori
1035 1614 1394 1668 consolationi
1449 1616 1702 1668 futurum
1757 1623 1836 1668 est
1890 1631 2055 1684 quam
2091 1618 2140 1669 si
2178 1617 2329 1671 ohse-

427 1709 689 1771 quentem
729 1702 921 1754 Christi
960 1702 1184 1753 monitis
1212 1717 1404 1754 aurem
1433 1703 1611 1755 cordis
1649 1703 1851 1768 iugiter
1887 1703 2322 1771 praebuerimus,

428 1803 536 1856 quo
575 1794 734 1856 pacto
773 1795 825 1840 et
860 1804 960 1840 nos
999 1803 1111 1840 esse
1152 1803 1278 1840 cum
1319 1788 1528 1840 Christo
1568 1802 1925 1852 agnoscemus
1946 1828 1962 1854 ,
2030 1778 2082 1840 et
2118 1790 2327 1858 perspi·

429 2117 475 2163 ci
506 2116 752 2163 vestiamo
785 2116 834 2162 di
867 2116 1033 2175 quella
1067 2115 1269 2163 docilita
1300 2117 1350 2162 di
1382 2117 1569 2174 mente,
1603 2116 1860 2163 mediante
1900 2118 1951 2163 la
1992 2118 2142 2176 quale
2172 2117 2330 2164 siamo

427 2188 694 2237 volentieri
719 2200 748 2235 a
768 2189 843 2235 lui
865 2189 1147 2235 sottomessi
1170 2201 1264 2235 con
1286 2188 1424 2235 tutto
1447 2189 1660 2236 l'affetto
1692 2189 1772 2237 del
1803 2201 1982 2237 cuore:
2013 2188 2330 2249 imperocche

427 2263 607 2329 questo
654 2263 883 2322 appunto
930 2263 975 2309 ci
1021 2262 1267 2310 comancio
1312 2263 1349 2307 il
1396 2263 1556 2309 Padre
1603 2263 1782 2310 celeste
1822 2263 2160 2311 coll’autorita
2200 2263 2330 2312 della

423 2336 618 2387 maesta
648 2349 759 2396 sua,
792 2337 1015 2397 quando,
1048 2337 1312 2384 rivelando
1344 2335 1479 2383 Gesu
1513 2337 1676 2384 Cristo
1706 2338 1756 2383 la
1803 2349 1896 2384 sua
1941 2338 2108 2396 gloria
2151 2337 2207 2394 in
2253 2349 2327 2384 un

424 2412 597 2459 monte
628 2412 888 2471 altissime,
922 2411 1134 2458 dinanzi.
1158 2412 1224 2458 ad
1255 2411 1392 2459 eletti
1441 2411 1718 2471 testimoni,
1768 2411 1922 2458 disse:
1980 2430 2000 2454 «
2031 2403 2205 2468 Quest'i
2235 2410 2263 2461 e
2291 2411 2329 2458 il

424 2486 528 2534 mio
572 2486 718 2545 figlio
750 2486 942 2545 dilettO,
976 2487 1058 2533 nel
1091 2487 1241 2546 quale
1273 2487 1342 2531 mi
1374 2498 1497 2533 sono
1544 2486 1895 2543 compiaciuto.
1946 2485 2266 2535 AscoltateIO.
2299 2503 2320 2527 »

425 2560 731 2608 Ascoltiamo
777 2560 986 2619 dunque
1030 2559 1165 2606 Gesu
1213 2561 1288 2607 col
1319 2559 1411 2619 piu
1453 2559 1698 2618 profondo
1729 2560 1960 2620 ossequio
1991 2560 2123 2607 della
2153 2561 2327 2607 nostra

424 2635 615 2692 mente,
637 2634 693 2678 in
725 2635 851 2694 ogni
883 2645 999 2680 cosa
1030 2647 1057 2680 e
1087 2633 1448 2692 specialmente
1479 2633 1535 2679 in
1569 2634 1737 2693 quella
1768 2633 1860 2680 che
1892 2633 1968 2692 gli
1999 2635 2144 2680 stava
2175 2631 2276 2680 cosi
2295 2644 2328 2680 a

424 2718 593 2765 cuore,
626 2706 735 2766 che,
769 2704 1083 2754 eonoscendo
1114 2707 1280 2766 prima
1308 2707 1355 2753 le
1387 2706 1626 2753 difficolta
1657 2707 1752 2754 alle
1797 2707 1936 2766 quali
1967 2706 2222 2760 andrebbe
2250 2708 2327 2754 in-

424 2781 601 2828 contro
633 2781 687 2826 in
718 2783 895 2841 questo
928 2782 1131 2840 mond0,
1164 2794 1270 2827 non
1304 2781 1459 2829 omise
1488 2794 1579 2840 per
1611 2781 1778 2840 quella
1823 2781 1983 2828 stessa
2022 2781 2327 2829 nell’ultima
2391 2774 2393 2777 ’

423 2853 562 2901 Cena
592 2854 643 2900 di
674 2867 892 2913 pregare
922 2855 957 2900 il
990 2855 1131 2901 divm
1163 2855 1322 2902 Padi-e
1354 2868 1450 2902 con
1482 2855 1683 2903 ardenti
1714 2868 1741 2902 e
1772 2855 1980 2914 ripetuti
2013 2845 2145 2903 voti:
2188 2873 2210 2898 «
2237 2856 2327 2903 Pa-

424 2929 513 2975 dre
544 2927 718 2987 Saum,
752 2940 1013 2988 conserva,
1045 2929 1098 2973 in
1131 2929 1221 2975 tuo
1254 2942 1420 2988 nome,
1445 2931 1608 2976 coloro
1640 2929 1731 2976 che
1763 2929 1834 2974 mi
1854 2929 1940 2974 hai
1961 2929 2085 2984 dati,
2108 2927 2325 2977 affinche

423 3002 567 3048 siano
597 3013 705 3047 una
737 3014 852 3048 cosa
882 3003 1003 3062 sola,
1049 3015 1188 3050 come
1233 3003 1342 3049 Noi.
1398 3003 1674 3050 Un'anima
1720 3004 1959 3062 adunque
2004 3003 2078 3049 sia
2126 3015 2156 3049 a
2199 3003 2324 3050 tutti

421 3087 516 3123 con
547 3087 621 3121 un
653 3088 803 3122 cuore
833 3076 888 3121 iu
921 3076 1058 3124 Gesu
1089 3077 1265 3123 CristO.
1314 3078 1426 3124 Non
1471 3077 1570 3139 pue
1616 3079 1805 3125 esservi
1842 3090 1931 3136 per
1963 3078 2049 3124 noi
2079 3077 2322 3136 maggior

421 3148 767 3196 consolazione
799 3150 851 3195 di
881 3151 1048 3208 quella
1079 3149 1171 3197 che
1203 3151 1419 3198 consiste
1450 3152 1533 3198 nel
1554 3153 1779 3210 prestare
1801 3152 2101 3211 ossequente
2123 3162 2319 3209 sempre

419 3222 689 3270 l’orecchio
737 3223 817 3269 del
866 3236 1016 3270 cuore
1063 3225 1169 3284 agli
1217 3225 1603 3273 ammonimenti
1635 3225 1686 3271 di
1717 3224 1861 3272 Gesu'
1884 3224 2062 3284 Orist0,
2096 3225 2171 3271 col
2203 3225 2322 3284 qual

417 3296 544 3343 fatto
575 3308 602 3343 e
634 3307 984 3344 conoscere-mo
1017 3297 1108 3345 che
1139 3299 1223 3344 noi
1257 3298 1416 3344 siamo
1459 3311 1553 3345 con
1601 3298 1736 3345 Gesu
1769 3298 1947 3357 CristO,
1981 3311 2007 3345 e
2038 3297 2321 3358 troveremo

486 3513 545 3574 (1)
581 3515 734 3570 Ioan„
777 3512 848 3572 17,
885 3515 955 3577 11,
