2488 4290
387 358 478 408 272

387 461 610 521 gaudere·
658 462 750 510 Per
794 462 1051 511 Dominum
1096 471 1312 512 nostrum
1343 464 1501 512 Iesum
1533 462 1774 511 Christum
1805 463 1978 512 Filium
2012 470 2170 524 tuum,
2203 464 2306 525 quiv
2343 475 2347 478 ·

389 542 546 582 tecum
593 536 707 583 vivit
752 543 798 583 et
845 545 1012 596 regnat
1060 539 1107 584 in
1139 539 1319 589 unitate
1352 538 1566 585 ciusdem
1599 536 1804 596 Spiritus
1836 537 1993 586 Sancti
2025 533 2171 598 Dei-15,
2205 550 2299 600 per·

388 609 546 655 omnia
580 611 767 656 saecula
799 611 1116 658 saeculorum.

446 682 500 742 ii).
537 684 705 732 Amen.

443 827 552 876 Duo
587 826 819 875 Cantores
851 827 1039 876 dicent:

446 958 499 1018 Ῡ.
534 959 880 1007 Benedicamus
911 960 1128 1008 Domino,

444 1030 499 1092 ῐῆ.
534 1033 631 1080 Deo
663 1033 853 1093 gratias,

447 1221 877 1270 Caeremoniarum
905 1222 1199 1283 Praefectus
1229 1220 1338 1269 alta
1367 1231 1474 1269 voce
1505 1220 1664 1269 dicet:
1696 1221 1898 1269 Exeant
1918 1234 2093 1269 omnes
2122 1224 2292 1272 locum

384 1309 489 1343 non
520 1296 767 1344 habentes
797 1297 852 1342 in
886 1296 1123 1344 Concilio
1169 1297 1304 1343 Tunc
1334 1296 1479 1343 iussu
1508 1295 1673 1344 SS.mi
1692 1296 1867 1344 Patris
1886 1308 1910 1343 e
1930 1297 2161 1356 succestu
2182 1298 2306 1348 alta*

384 1383 491 1419 voce
521 1371 867 1418 recitabuntur
898 1371 1112 1430 decreta,
1135 1371 1182 1417 et
1212 1371 1325 1418 dein
1345 1369 1651 1430 roqabuntur
1671 1371 1849 1418 Patres
1876 1381 1940 1418 an
1959 1382 2017 1419 ea
2028 1371 2261 1431 placeant
2272 1391 2292 1430 ,-

384 1456 442 1493 ac
471 1446 645 1494 statim
666 1445 933 1505 procedent
961 1446 1266 1492 scrutatores
1296 1445 1363 1493 ad
1393 1445 1645 1505 suffraqia
1689 1445 1996 1505 eacipienda‚
2029 1457 2152 1508 quae
2173 1459 2291 1508 pro-

383 1521 617 1567 nunciari
652 1519 882 1567 debebunt
913 1531 945 1567 a
973 1519 1211 1567 Patribus
1234 1531 1328 1579 per
1349 1519 1495 1566 cerba
1525 1530 1762 1567 PLACENT
1790 1519 1867 1566 cel
1896 1532 2004 1569 NON
2035 1532 2289 1583 PLAGENT,

385 1594 459 1640 ita
490 1595 651 1641 tamen
683 1595 742 1641 ut
773 1594 938 1641 emani
969 1605 1026 1641 ac
1056 1594 1234 1641 reo.mi
1268 1592 1579 1653 cardinales,
1614 1604 1698 1641 nec
1728 1605 1821 1641 non
1851 1595 2029 1642 reo.mi
2058 1595 2291 1644 Patriar-

383 1669 517 1723 eliae,
549 1668 815 1723 Primates‚
847 1668 1232 1728 Areniepiscopi,
1265 1668 1312 1715 et
1342 1667 1586 1727 Episcopi,
1620 1669 1813 1716 servato
1843 1669 1976 1715 inter
2014 1679 2091 1717 eos
2121 1669 2292 1718 ordine

382 1742 664 1802 dionitatis,
696 1743 743 1789 et
771 1743 1007 1804 cuiusque
1029 1742 1370 1801 promotionis,
1419 1741 1724 1803 suffraqium
1759 1743 2029 1802 proferant
2075 1743 2290 1791 sedentes

383 1828 494 1864 cum
514 1816 686 1863 mitris
699 1833 717 1872 ,·
746 1815 948 1863 Abbates
968 1827 1099 1871 vere,
1122 1816 1169 1862 et
1204 1815 1465 1866 Generales
1501 1815 1938 1876 Concreqationum
1968 1816 2014 1863 et
2050 1816 2289 1865 ordinum

383 1890 697 1950 recularium
741 1890 946 1945 stantes,
991 1890 1149 1950 capite
1194 1889 1394 1945 detecto,
1425 1890 1473 1936 et
1493 1890 1778 1949 praemissa
1821 1890 2021 1938 Summo
2058 1892 2291 1954 Pontifici

378 1965 725 2025 ,oenuslexione
774 1964 1091 2011 Scrutatores
1138 1964 1303 2011 autem
1350 1963 1569 2011 collectis
1615 1963 1898 2028 suffraqii&
1920 1976 2069 2024 penes
2098 1965 2290 2014 Solium

374 2038 690 2098 pontificium
720 2038 788 2086 iis
818 2039 1050 2085 accurate
1082 2037 1379 2086 dirimendis
1409 2049 1468 2086 ac
1499 2038 1844 2086 enumerandis
1866 2049 2060 2098 operam
2085 2038 2287 2096 dabunt,
2335 2050 2339 2052 ’

382 2124 439 2159 ac
470 2113 529 2159 de
559 2112 684 2171 ipsis
715 2112 782 2159 ad
811 2112 1073 2160 Summum
1102 2113 1386 2173 Pontificem
1416 2112 1653 2172 referent,
1693 2112 1780 2175 qui
1824 2124 2106 2172 supremam
2145 2125 2290 2162 suam

380 2187 670 2234 sententiam
689 2186 860 2242 edicet,
882 2198 1079 2249 eamque
1091 2186 1416 2247 promulqare
1438 2186 1707 2246 mandabit,
1726 2186 1817 2234 liae
1839 2187 2063 2234 adhibita
2084 2187 2288 2236 solemni

370 2261 636 2320 formula:
676 2261 931 2308 «Decreta
961 2261 1110 2308 modo
1140 2262 1273 2308 lecta
1301 2262 1605 2319 placuerunt
1647 2261 1884 2308 omnibus
1914 2262 2168 2321 PatribuS,
2200 2275 2306 2325 ne·-

378 2335 517 2381 mine
539 2334 873 2382 dissentiente
899 2334 990 2395 (oel
1006 2334 1053 2382 si
1071 2335 1308 2398 quisorte
1330 2334 1692 2394 dissenserint),
1707 2334 1785 2381 tot
1805 2347 2019 2382 numero
2040 2336 2285 2398 exceptis,

378 2409 580 2468 Nosque
612 2420 753 2455 sacro
784 2409 1099 2467 approbante
1139 2409 1362 2456 Concilio
1403 2408 1490 2455 illa
1521 2408 1594 2456 ita
1625 2409 1961 2469 decernimuS‚
1994 2410 2285 2471 statuimuS,

382 2482 537 2541 atque
570 2482 831 2529 sancimus
860 2482 921 2529 ut
949 2484 1082 2530 lecta
1111 2482 1250 2530 sunt.

435 2556 584 2603 Hisce
608 2556 796 2611 autem
839 2556 1059 2604 omnibus
1099 2556 1312 2616 expletis
1352 2556 1452 2604 erit
1493 2558 1835 2605 Promotorum
1870 2556 2079 2606 Concilii
2108 2570 2287 2619 roqare

377 2629 746 2678 Protonotarios
777 2630 1065 2690 apostolicos
1098 2624 1400 2690 praesentes,
1433 2632 1492 2679 ut
1523 2631 1580 2678 de
1621 2631 1841 2679 omnibus
1882 2633 1928 2678 et
1973 2633 2188 2693 sinqulis
2233 2634 2321 2682 in·
2372 2649 2377 2655 ·

377 2703 594 2750 Sessione
616 2704 841 2763 peractis
871 2715 1027 2750 unum
1057 2705 1134 2751 ‘oel
1156 2706 1334 2763 plura,
1378 2705 1782 2761 instrumentum,
1829 2705 1906 2752 vel
1952 2706 2284 2754 instrumenta

375 2777 720 2836 conficiantur,
753 2776 992 2824 adhibitis
1022 2778 1228 2825 testibus
1259 2779 1466 2838 royatis.

435 2850 666 2912 Denique,
701 2850 780 2897 die
816 2850 1033 2898 alterius
1064 2851 1305 2900 Sessionis
1336 2852 1393 2899 de
1423 2852 1653 2902 mandato
1684 2853 1879 2902 Summi
1922 2852 2176 2915 Pontificis
2213 2854 2286 2902 in-

378 2923 530 2983 dicta,
564 2924 666 2983 ipse
696 2924 934 2985 Pontisecc
965 2925 1204 2974 intonabit
1235 2926 1339 2974 sine
1369 2927 1557 2975 mitra:

1206 3055 1456 3104 HYMNUM

441 3127 504 3173 Te
534 3127 689 3175 Deum
721 3126 990 3176 laudamus,

440 3273 590 3327 Quem
623 3270 857 3321 Cantores
888 3272 1180 3322 alternatim
1209 3285 1321 3324 cum
1347 3274 1487 3325 Olero
1510 3277 1885 3341 prosequentur.
1917 3276 2109 3338 Hymno
2127 3276 2278 3338 stnuo
2339 3339 2344 3341 λ

375 3347 614 3408 Pontifecc
646 3346 806 3395 adhuc
838 3348 976 3396 stans
1008 3349 1163 3396 dicet.-

439 3479 491 3538 Ῡ.
529 3478 758 3527 Dominus
790 3479 1055 3546 vobiscumf

434 3550 490 3617 ist).
525 3551 582 3600 Et
614 3562 725 3624 cuin
757 3552 932 3627 spiritu
963 3559 1061 3609 tuo,
