2488 4290
1157 539 1481 624 XXIV.

795 780 890 843 LA
935 781 1371 855 QUESTIONE
1419 781 1849 881 ORJENTALE

571 893 837 959 durante
883 893 929 956 il
976 894 1265 959 Concilio
1313 896 1702 960 Ecumenico
1748 895 2065 961 Vaticano.

372 1244 773 1294 vonerabili
804 1245 1042 1294 Fratri
1073 1247 1373 1296 Antonio
1418 1250 1709 1308 loseph«)
1741 1247 2274 1310 Archiepiscopo

430 1322 751 1379 Thyoneo
772 1323 1014 1369 Nostro
1037 1325 1251 1381 atquo
1283 1322 1494 1370 huius
1516 1323 1951 1384 Apostolicae
1982 1324 2174 1372 Sedis
2196 1324 2274 1372 in

429 1397 603 1443 Urbe
633 1396 1413 1457 Constantinopolitana
1445 1400 1772 1460 Dela-,gato
1805 1398 2211 1459 Apostolum.

1147 1535 1288 1586 PIUS
1329 1536 1421 1587 PP.
1467 1535 1548 1588 ῘΧ.

479 1662 762 1717 Venerabili
798 1664 989 1716 Fratri
1026 1663 1256 1717 Salutem
1295 1670 1344 1717 et
1382 1666 1726 1733 Apostolicam
1762 1666 2174 1720 Benedictionem.

440 1781 554 1833 Non
595 1781 712 1832 sine
751 1782 1073 1846 gravissimo
1114 1783 1285 1833 animi
1323 1783 1499 1834 Nostri
1538 1783 1726 1834 dolore
1776 1781 1859 1833 vel
1898 1798 2145 1835 moerore
2183 1797 2276 1850 po·
2359 1818 2365 1825 -

373 1868 482 1918 tius
509 1869 784 1933 novimUS‚
814 1868 1126 1919 Armeniam
1153 1868 1817 1934 Constantinopolitanam
1848 1867 2138 1920 Ecclesiam
2166 1884 2274 1920 non

375 1953 589 2006 levibus
627 1953 861 2005 dissidiis
899 1968 960 2004 ac
1008 1955 1504 2020 perturbationibus
1543 1955 1915 2006 miserandum
1954 1956 2011 2005 in
2050 1955 2278 2006 modum

379 2040 631 2103 divexari,
678 2048 730 2090 et
767 2054 958 2106 pacem
1001 2041 1156 2092 cuius
1195 2041 1431 2092 tuendae
1482 2040 1726 2092 studium
1773 2041 1877 2092 Nos
1916 2055 2042 2092 cum
2078 2041 2280 2093 Nostris

377 2126 887 2177 Praedecessoribus
926 2141 1142 2192 semper
1177 2126 1451 2179 Fidelibus
1499 2126 1610 2178 illis
1650 2128 1880 2179 maxime
1936 2126 2282 2196 commenda-

378 2206 576 2278 vimus,
606 2213 671 2264 ab
709 2210 803 2262 illa
838 2211 1072 2264 Ecclesia
1109 2213 1279 2265 ferme
1319 2214 1551 2265 exulare.
1600 2214 1887 2280 Siquidem
1927 2211 2182 2266 nonnulli
2219 2227 2281 2265 ex

379 2297 669 2351 Laicorum
717 2300 906 2357 ordine
956 2299 1015 2348 in
1068 2314 1243 2351 unum
1296 2301 1677 2353 couvenientes
1730 2316 1855 2353 cum
1906 2299 2183 2367 aliquibus
2221 2313 2283 2350 ex

280 2558 297 2568 ”
382 2566 461 2614 ΑΙ
492 2568 894 2617 venerabile
924 2569 1214 2617 fratello
1258 2568 1558 2618 Antonio
1600 2568 1967 2629 Giuoeppe,
2011 2564 2281 2616 Arche·-

442 2655 642 2690 scovo
676 2642 753 2690 «li
784 2644 1027 2704 Tinna,
1068 2646 1310 2692 Nostro
1343 2658 1380 2691 e
1414 2642 1489 2690 «li
1533 2647 1781 2702 questa
1810 2644 1980 2691 Sede
2011 2645 2282 2702 aposto-

440 2716 581 2765 lica
610 2720 937 2778 Delegato
970 2718 1354 2778 apostolico
1398 2720 1588 2767 nella
1622 2715 1794 2766 citt&
1824 2718 1898 2766 «li
1943 2716 2283 2766 costanti-

443 2792 707 2852 napoli.

1122 2870 1229 2918 ΡΙΟ
1259 2870 1427 2918 ΡΑΡΑ
1458 2871 1545 2918 IX.

559 2988 626 3034 Al
655 2988 927 3036 venerabile
958 2987 1181 3037 Fratello
1211 2990 1376 3038 salute
1406 2990 1464 3037 ed
1495 2989 1762 3049 apostoliea
1793 2987 2105 3037 benedizione.

444 3087 556 3137 Non
590 3103 738 3138 senza
777 3094 1084 3151 gravissimo
1130 3095 1300 3141 dolore
1341 3095 1649 3154 dell'animO,
1683 3107 1712 3141 o
1752 3094 1999 3152 piuttosto
2034 3091 2282 3151 tristezza,

386 3165 619 3212 abbiamo
660 3168 948 3214 conoseiuto
979 3169 1071 3216 che
1103 3171 1152 3215 la
1185 3169 1364 3216 Chiesa
1406 3182 1615 3216 armena
1647 3170 1699 3215 di
1731 3168 2127 3225 Costantinopoli
2159 3166 2186 3213 e
2216 3167 2285 3212 la-

387 3241 557 3288 cerata
587 3241 642 3286 in
673 3242 820 3288 modo
850 3243 1139 3289 miserando
1171 3242 1236 3289 da
1267 3242 1573 3289 dissenz'ioni
1604 3255 1707 3288 non
1738 3239 1858 3289 lievi
1890 3256 1916 3290 e
1947 3243 2012 3288 da
2045 3240 2284 3296 tumultu

387 3315 450 3362 ed
479 3327 611 3362 esser
644 3315 708 3361 da
739 3328 850 3363 essa
892 3317 1104 3363 lontana
1134 3318 1183 3363 la
1213 3329 1351 3375 pace,
1387 3316 1478 3364 che
1517 3318 1608 3364 Noi
1641 3318 1718 3363 coi
1761 3316 1920 3363 nostri
1950 3314 2287 3374 predecessori

388 3390 620 3437 abbiamo
665 3402 861 3449 sempre
909 3392 1298 3439 raccomandato
1345 3405 1375 3438 a
1421 3392 1538 3451 quei
1579 3392 1727 3438 fedeli
1768 3390 1820 3436 di
1863 3401 2162 3437 conservare
2191 3400 2287 3435 con

388 3475 582 3528 somma
611 3476 751 3512 cura.
799 3466 1121 3523 Imperoeche
1162 3467 1293 3513 varii
1324 3465 1405 3514 del
1435 3466 1545 3513 ceto
1576 3466 1658 3513 dei
1696 3464 1815 3511 laici
1858 3464 2110 3512 essendosi
2153 3462 2288 3509 uniti

389 3550 483 3586 con
516 3540 688 3588 alcuni
720 3540 799 3587 del
830 3541 961 3587 clero
1002 3542 1221 3588 secolare
1254 3553 1281 3587 e
1316 3553 1411 3589 con
1443 3540 1566 3588 certi
1612 3537 1812 3588 monaci
1843 3539 1892 3589 di
1924 3539 2022 3586 rito
2062 3550 2284 3599 armeno,
