2488 4290
2050 310 2142 368 265

760 416 833 474 Tu
865 415 1154 486 septiformis
1184 437 1387 473 munere

818 501 1002 560 Digitus
1034 506 1261 560 paternae
1295 498 1539 552 dexterae,

825 576 894 623 Tu
929 577 1017 630 rite
1050 574 1340 635 promissum
1374 573 1530 622 Patris

822 647 1053 697 Sermone
1085 650 1242 702 ditans
1273 655 1486 708 guttura.

755 724 974 773 Aeeende
1006 725 1167 771 lumen
1201 723 1440 777 sensibus,

823 798 1020 846 infunde
1053 811 1266 846 amorem
1302 797 1544 852 cordibus,

816 874 1006 920 Infirma
1042 872 1190 920 nostri
1223 872 1438 931 eorporis

784 949 990 1005 ‚Virtute
1024 948 1222 994 firmans
1255 947 1455 1006 perpeti.

761 1023 955 1070 Hostem
988 1021 1191 1080 repellas
1223 1020 1430 1080 longiuS,

802 1096 1091 1155 pacemque
1123 1094 1271 1142 dones
1305 1095 1540 1153 protinuS,

823 1170 1030 1218 Ductore
1063 1169 1130 1217 sie
1164 1175 1209 1217 te
1243 1169 1437 1229 praevio

822 1245 1038 1293 Vitemus
1070 1257 1211 1292 omne
1244 1244 1463 1292 noxium.

760 1320 854 1367 Per
885 1326 930 1368 te
962 1319 1170 1366 sciamus
1202 1319 1259 1366 da
1294 1319 1502 1374 Patrem,

818 1393 1082 1441 Nost-emus
1113 1399 1258 1451 atque
1292 1393 1493 1441 Filium:

825 1467 987 1525 Teque
1019 1466 1271 1525 utriusque
1306 1467 1537 1526 Spiritum

817 1541 1078 1588 Credamus
1110 1541 1240 1587 omni
1272 1547 1502 1600 tempore.

759 1617 856 1664 Deo
890 1615 1020 1663 Patri
1052 1614 1112 1662 sit
1144 1615 1313 1674 gloria,
1435 1608 1440 1612 ’

820 1689 878 1736 Ει
911 1689 1045 1743 Filio,
1082 1689 1163 1748 qui
1197 1702 1222 1736 a
1256 1691 1460 1738 mortuis

818 1762 1059 1819 Surrexit,
1094 1776 1148 1810 ae
1182 1763 1419 1812 Paraelito

818 1839 871 1887 In
903 1838 1207 1886 saeculorum
1239 1840 1446 1887 saecula.

877 1911 932 1974 ἢ.
970 1914 1142 1963 Amen.

283 2049 514 2098 Absoluto
534 2048 703 2109 primo
732 2056 896 2106 versu,
930 2045 1186 2108 Pontifex,
1219 2046 1464 2108 ceterique
1494 2047 1716 2106 surqent,
1739 2047 1786 2094 et
1816 2046 2139 2095 ordinabitur

217 2123 554 2184 ‹Supplicatim
578 2121 982 2182 praecedentibus
1008 2132 1141 2168 more
1170 2122 1393 2168 consueto
1424 2122 1536 2169 ante
1573 2121 1782 2169 Crucem
1804 2122 2143 2182 pontificalem

213 2198 590 2259 familiarum,
628 2195 943 2255 C‘appellanis
973 2195 1276 2253 cantoribu-s‘,
1309 2196 1356 2241 et
1384 2195 1642 2244 Praelatio·
1661 2197 1823 2255 Papae
1843 2207 1955 2243 cum
1975 2208 2144 2255 super-

215 2273 424 2333 pelliceo
468 2283 626 2332 supra
670 2270 990 2325 rocchettum,
1040 2282 1090 2317 eo
1136 2282 1358 2325 numero,
1403 2271 1490 2332 qui
1530 2270 1630 2317 erit
1654 2271 2023 2330 praescriptus,
2058 2282 2143 2318 nec

224 2360 318 2397 non
367 2346 776 2408 Thuriferarius.
820 2345 935 2392 Post
979 2343 1189 2392 Crucem
1220 2356 1252 2392 a
1281 2343 1588 2392 Subdiacono
1619 2345 1884 2404 apostolico
1924 2345 2142 2392 delatam

218 2422 382 2470 ,medio
410 2421 542 2469 inter
570 2419 693 2468 duos
712 2418 974 2478 Aeotytbos
993 2418 1213 2466 incedent
1233 2418 1453 2478 Abbates,
1480 2419 1724 2478 Episcopi,
1748 2419 2140 2478 Arcbiepiscopi,

215 2496 490 2551 Primam,
519 2493 849 2543 Patriarclzae
881 2494 1060 2553 (omnes
1089 2494 1176 2555 qui
1207 2494 1310 2540 sint
1343 2493 1495 2540 latini
1525 2494 1662 2541 ritus
1693 2505 1806 2541 cum
1839 2494 1996 2541 mitra
2025 2494 2143 2541 sim-

217 2570 348 2630 plici
387 2581 450 2617 eze
493 2569 632 2628 tino),
668 2567 967 2616 C‘ardinales
1001 2568 1133 2627 (cum
1164 2567 1338 2615 mitris
1370 2567 1895 2626 serico-damascenis),
1929 2567 2141 2615 Senator

225 2655 338 2692 cum
368 2642 802 2692 conservatoribus
838 2641 1005 2696 UrbiS,
1038 2641 1492 2690 vice-Camerarius
1522 2642 1573 2690 S.
1599 2643 1656 2689 R.
1693 2644 1750 2689 E.
1784 2653 1898 2689 cum
1930 2653 2085 2702 cappa
2106 2653 2138 2689 a

224 2718 423 2766 dextris
450 2717 703 2776 Principis
732 2716 861 2764 Solii
884 2715 1154 2776 pontificii,
1188 2715 1426 2764 Summus
1468 2716 1611 2763 Ponti
1605 2717 1707 2777 fece
1738 2716 1896 2763 mitra
1919 2717 2143 2775 pretiosa

215 2793 449 2849 ornatus,
482 2792 530 2839 et
558 2791 687 2840 sella
711 2791 988 2851 qestatoria
1023 2789 1110 2838 sub
1142 2790 1434 2839 baldachino
1460 2790 1660 2838 delatus
1693 2802 1805 2839 cum
1823 2791 2065 2852 flabellis,
2097 2792 2143 2838 et

226 2868 372 2916 solito
414 2866 670 2927 comitatu,
718 2877 802 2913 nec
831 2877 925 2912 non
955 2865 1058 2912 octo
1089 2875 1152 2912 eze
1187 2865 1506 2926 Cappetlanis
1546 2865 1832 2914 cantoribus
1862 2866 2010 2914 suavi
2038 2877 2144 2913 con-

226 2942 370 2990 centu
399 2940 635 3000 bymnum
657 2940 958 3001 praefatum
989 2939 1230 3002 canentes.

284 3002 560 3079 Sequentur
589 3025 701 3062 cum
730 3013 901 3074 cappis
930 3012 1149 3062 Auditor
1179 3014 1226 3061 et
1256 3014 1632 3063 Thesaurarius
1653 3016 1712 3063 R.
1741 3014 1793 3063 0.
1818 3016 1898 3073 Α.,
1922 3015 2143 3063 Antis-tes

219 3089 506 3152 pontificiae
535 3088 704 3136 domui
724 3087 1063 3157 praepositum
1095 3088 1439 3156 Protonotarii
1469 3089 1730 3149 apostotici
1751 3101 1775 3136 e
1807 3090 2009 3150 cotieqio
2021 3101 2144 3150 par-

227 3164 561 3224 ticipantium,
598 3162 860 3213 Generates
891 3163 996 3211 tam
1030 3162 1485 3223 commotionum,
1519 3175 1669 3228 quam
1715 3164 1962 3213 ordinum
2001 3175 2141 3224 requ-

229 3238 440 3294 larium,
470 3237 518 3284 et
551 3237 791 3299 officiales
825 3236 1050 3285 Concilii.
1093 3235 1096 3239 ’

286 3312 499 3360 Interim
539 3323 652 3360 cum
696 3324 817 3371 opus
834 3311 1011 3372 suerit
1042 3310 1254 3371 hymnus
1283 3313 1559 3373 repetatur,
1593 3313 1770 3361 omisso
1793 3313 1963 3373 primo
1993 3323 2142 3360 versu

228 3386 276 3434 et
303 3386 623 3447 conclusione,
655 3397 778 3450 quae
807 3386 1004 3434 tantum
1034 3386 1259 3443 canetur,
1291 3399 1403 3435 cum
1434 3387 1672 3436 Summus
1703 3387 1939 3449 Pontisece
1970 3385 2036 3435 ad
2068 3387 2142 3434 al-

221 3461 348 3510 tare·
359 3462 610 3522 princeps,
640 3461 726 3509 ubi
754 3461 1127 3510 sanctissimum
1157 3461 1536 3511 Sacramentum
1567 3462 1845 3523 eoepositum
1876 3462 1989 3521 erit,
2019 3471 2140 3521 per-

220 3535 432 3601 rvenerit,
461 3535 620 3600 ibique
649 3535 809 3598 eapite
837 3535 1038 3594 detect0,
1059 3536 1235 3598 suerit
1260 3537 1569 3603 qenuflexus.
