2488 4290
2002 323 2087 375 251

176 409 506 479 proscripsit,
552 423 614 461 ac
652 405 926 461 universis
986 410 1140 464 istius
1202 414 1360 478 regni
1419 413 1878 467 christifidelibus
1934 416 2094 468 inter-

169 495 315 566 ⁸dian‘t
354 509 423 547 ne
462 509 549 547 eas
588 493 748 560 leqere
783 494 872 547 vel
898 499 1080 561 tenere,
1114 496 1289 550 multo
1320 499 1505 551 minus
1534 499 1710 552 docere
1742 500 2022 555 auderent.
2055 525 2075 548 »

177 580 526 652 (ΡιοεκονΑΝῩ,
567 579 711 632 Rom.
758 579 935 645 Pone„
983 588 1017 633 t.
1066 582 1114 647 4,
1162 601 1211 650 p.
1260 584 1365 636 387
1400 583 1546 654 390.)

247 666 592 719 Similmente
630 663 671 716 il
708 665 950 719 Concilio
991 669 1330 735 provinciale
1359 671 1414 722 di
1444 670 1689 736 Colocza,
1724 671 1963 724 tenutosi
2001 671 2093 726 nel

181 752 314 806 1863
353 750 838 805 dall’Arcivescovo
885 767 1021 819 mgr.
1091 754 1307 819 Kunszt,
1372 756 1426 809 al
1483 756 1650 823 quale
1708 758 2093 810 intervennero

177 838 285 891 due
321 837 480 888 Padri
518 835 603 889 del
666 836 912 890 Concilio
977 838 1262 907 Vaticano,
1317 856 1491 894 mons.
1536 840 1785 909 Haynald
1835 859 1863 896 e
1913 858 2087 895 mons,

178 923 406 983 Bonnaz,
445 923 588 990 dopo
627 923 789 975 citate
827 922 1025 976 alcune
1067 925 1417 980 nobilissime
1458 935 1711 981 sentenze
1750 928 1805 979 di
1834 928 1883 980 S.
1918 927 2093 981 Leone

177 1006 263 1062 sul
297 1009 531 1077 primato
582 1007 638 1060 di
696 1007 894 1076 Pietr0,
956 1012 1287 1077 soggiunge:
1347 1034 1366 1058 ι
1426 1014 1906 1074 Quemadmodum
1964 1027 2094 1078 ergo

177 1097 368 1149 Petrus
405 1101 486 1148 est
525 1101 676 1162 petra
713 1111 817 1148 seu
858 1096 1285 1150 fundamentum
1324 1098 1608 1162 Ecclesiae,
1657 1100 1936 1152 doctrinae
1965 1099 2094 1151 fidei

30 1220 40 1235 2
82 1243 86 1246 Δ
176 1182 421 1248 maqister
456 1180 858 1249 irrefraqabilis
922 1198 1020 1249 pro
1059 1198 1168 1250 quo
1207 1186 1480 1239 Dominus
1522 1187 1692 1239 oravit
1731 1192 1794 1237 ut
1843 1199 1956 1238 non
2003 1185 2095 1238 de-

179 1269 361 1322 ficeret
399 1269 530 1320 fides
568 1268 711 1337 eius3
754 1268 874 1335 pari
918 1271 1089 1322 modo
1131 1270 1368 1336 legitimi
1407 1272 1525 1324 eius
1563 1272 1623 1322 in
1664 1272 1959 1324 cathedrae
1991 1272 2094 1323 Ro-

73 1413 81 1420 ,
177 1369 375 1408 manae
430 1353 676 1406 culmine
732 1369 1090 1419 successores,
1137 1356 1196 1407 in
1237 1358 1437 1423 quibus
1492 1373 1708 1426 semper
1744 1358 1877 1409 vivit
1916 1363 1969 1409 et
2013 1356 2092 1409 lo·

176 1440 367 1507 quitur
404 1446 459 1493 et
494 1440 784 1507 praesidet,
830 1439 1012 1493 nihilo
1070 1447 1199 1492 sunt
1261 1443 1378 1509 ipso
1440 1444 1748 1509 inferioreS‚
1821 1443 1913 1494 sed
1976 1443 2094 1509 pari

178 1526 460 1595 potestatis
499 1525 846 1594 plenitudine
885 1532 939 1578 et
972 1521 1239 1579 'omnium
1297 1527 1659 1580 Ecclesiarum
1718 1527 2091 1580 sollicitudine
2138 1543 2141 1546 ⁴

178 1619 522 1666 caeterorum
557 1611 946 1679 Apostolorum
984 1613 1043 1664 in
1093 1614 1419 1682 Episcopatu
1479 1614 1874 1667 successoribus
1934 1628 2095 1680 prae-

176 1697 378 1763 valent,
409 1698 686 1766 depositum
699 1698 830 1766 fidei
856 1713 1040 1750 summo
1068 1703 1117 1750 ec
1143 1699 1515 1773 irrefrayabz'li
1541 1700 1749 1752 oraculo
1776 1702 1919 1751 custo
1930 1698 2090 1750 diunt.

180 1785 331 1838 Unde
367 1785 770 1854 propositiones
809 1784 950 1837 Cleri
987 1785 1246 1852 gallicani
1306 1801 1451 1839 anno
1516 1787 1650 1838 1682
1711 1786 1901 1851 editaS,
1961 1798 2093 1851 quas

176 1869 292 1924 iam
331 1872 455 1938 piae
506 1872 812 1925 memoriae
875 1870 1138 1938 Georgius
1201 1872 1572 1941 Szelepeseny,
1643 1872 2091 1939 Archiepiscopus

177 1955 573 2022 strigoniensis
596 2001 609 2022 ,
673 1973 785 2010 una
847 1973 973 2010 cum
1036 1960 1265 2011 caeteris
1329 1959 1646 2024 Hungariae
1710 1957 2054 2010 Praesulibus
2074 1994 2091 2022 ,

179 2041 382 2117 eodem
420 2045 604 2097 adhuc
660 2061 806 2097 anno
864 2044 1106 2112 publice⁸
1142 2045 1477 2112 proscripsit,
1540 2045 1736 2097 itidem
1790 2042 2090 2108 reiicimuS,

177 2130 581 2198 proscribimus,
625 2137 792 2198 atque
833 2132 1044 2183 cunctis
1083 2131 1396 2198 provinciae
1437 2131 1604 2183 huius
1634 2129 1890 2182 fidelibus
1914 2128 2095 2180 inter-

179 2213 432 2280 dicimuS,
476 2206 547 2268 ne
583 2231 675 2269 eas
715 2217 881 2283 leffere
918 2215 1005 2268 vel
1046 2220 1232 2283 tenere,
1289 2215 1466 2269 multo
1523 2218 1711 2268 minus
1769 2215 1947 2267 dooere
2001 2228 2095 2265 au-

180 2300 361 2354 deant.
404 2323 424 2349 »
477 2303 823 2367 (ROSKovANY,
871 2308 907 2357 t.
958 2302 1006 2366 4,
1058 2320 1105 2371 p.
1152 2303 1290 2365 482.)

253 2387 363 2439 Con
401 2387 498 2445 tali
535 2389 856 2441 documenti
917 2395 1062 2442 sotto
1103 2390 1183 2454 gli
1225 2389 1379 2442 occhi
1419 2405 1585 2441 aveva
1621 2388 1848 2454 ragione
1887 2386 1930 2437 il
1976 2402 2095 2439 cor-

181 2472 531 2541 rispondente
566 2474 656 2528 del
706 2474 949 2528 Vaticano
1003 2476 1061 2527 di
1119 2491 1231 2528 non
1293 2476 1512 2528 credere
1568 2474 1678 2527 alla
1727 2478 1774 2526 sl
1816 2474 2096 2525 decantata

184 2559 532 2626 opposizione
569 2561 661 2613 dei
698 2562 919 2615 Vescovi
963 2562 1297 2626 d'Ungheria
1329 2559 1783 2614 all'infallibilita.
1832 2580 1851 2604 ι
1877 2558 2096 2610 Credete

183 2646 272 2698 voi
308 2648 589 2715 possibile,
632 2648 740 2714 egli
780 2649 954 2716 dicea,
997 2649 1096 2702 che
1136 2648 1212 2713 gli
1252 2648 1408 2700 stessi
1447 2646 1691 2713 Vescovi,
1735 2646 1753 2696 i
1813 2644 1964 2711 quali
2020 2642 2096 2693 ri-

182 2734 441 2798 gettando
480 2734 537 2786 di
577 2740 715 2787 tutto
755 2751 920 2788 cuore
959 2736 1025 2787 la‘
1050 2734 1294 2787 dottrina
1333 2734 1610 2799 gallicana
1661 2739 1799 2785 sette
1864 2746 1895 2782 o
1956 2729 2094 2781 dieci

183 2819 318 2871 anni
356 2835 418 2872 or
453 2836 610 2887 ωηο,
651 2822 829 2875 fecero
868 2835 981 2873 uua
1016 2821 1175 2887 legge
1207 2819 1560 2888 disciplinare
1589 2825 1787 2871 contro
1819 2816 2096 2881 chiunque

184 2902 263 2957 de’
287 2903 406 2958 loro
443 2907 647 2959 sudditi
687 2908 893 2961 ardisse
932 2907 1319 2972 d'insegnarla,
1354 2907 1399 2958 si
1432 2907 1548 2958 sian
1575 2906 1667 2973 poi
1696 2904 1756 2955 in
1784 2917 1896 2955 una
1923 2907 2089 2962 notte,

180 3004 340 3043 come
376 3007 472 3059 per
507 3007 669 3060 verga
705 2994 937 3060 magica,
986 2992 1328 3046 trasformati
1364 2993 1423 3043 in
1464 2989 1743 3056 gallicani,
1786 2988 1853 3041 ed
1893 2986 2091 3039 abbian

185 3081 377 3143 potuto
415 3077 706 3143 insegnare
745 3077 797 3130 al
835 3084 1076 3146 cospetto
1117 3077 1506 3149 dell’universo
1546 3077 1630 3128 cio
1690 3074 1792 3127 che
1851 3073 1955 3125 essi
2017 3087 2098 3122 sa-

183 3156 412 3215 rebber'o
453 3163 513 3214 in
551 3163 748 3217 dovere
787 3165 843 3216 di
882 3165 1084 3232 punire
1122 3180 1179 3216 se
1220 3163 1360 3216 fosse
1398 3163 1689 3227 insegnato
1717 3159 1804 3211 dai
1833 3158 1951 3210 loro
1980 3162 2098 3207 teo-

184 3245 298 3314 logi
326 3250 425 3311 *nei
450 3247 570 3302 loro
598 3248 914 3305 Seminari?
951 3251 1172 3303 Credete
1213 3251 1299 3303 cio
1340 3250 1444 3301 che
1501 3250 1553 3300 vi
1587 3244 1736 3315 piace
1750 3264 1765 3315 3
1810 3259 1900 3296 ma
1946 3245 2016 3307 i0,
2063 3258 2092 3294 e

183 3335 377 3399 quanti
415 3351 684 3403 spargono
724 3337 956 3402 lagrime
992 3352 1059 3388 su
1085 3337 1272 3404 quelle
1294 3336 1678 3400 malaugurate
1701 3333 1818 3386 lodi
1840 3331 1963 3382 date
1990 3326 2097 3380 alla

182 3427 439 3487 supposta
493 3423 878 3490 opposizione,
942 3437 1057 3474 non
1119 3437 1273 3489 posso
1321 3428 1573 3474 trovarne
1619 3419 1817 3471 alcuna
1859 3413 2086 3479 ragione

183 3504 464 3572 teologica.
507 3530 528 3555 ι
580 3507 824 3561 Checche
861 3522 931 3561 ne
970 3509 1067 3572 sia,
1102 3508 1238 3560 ebbe
1264 3508 1487 3574 ragione
1509 3505 1549 3556 il
1590 3504 1830 3558 Vaticano
1867 3500 1921 3551 di
1949 3499 2086 3565 dire,

1831 3774 1857 3790 μ
