2488 4290
358 371 388 416 6

355 488 415 523 ex
454 470 710 523 omnibus
762 474 1031 519 terrarum
1082 459 1417 530 regionibus.
1461 456 1718 515 desiderii
1758 455 1937 515 Nostri
1978 453 2254 528 significa-

359 558 505 609 tione
558 562 610 606 et
645 560 854 606 vestrae
907 552 1117 619 pietatis
1166 551 1432 600 instinctu
1470 549 1526 598 in
1566 548 1708 599 hanc
1748 549 1943 600 Urbem
1986 548 2245 610 adducti,

354 657 450 692 vos
504 641 702 691 eximia
758 638 1025 702 religione
1082 640 1447 700 praestanteS,
1488 635 1543 683 in
1586 632 1976 686 sollicitudinis
2028 633 2252 684 Nostrae

359 732 568 792 partem
606 723 780 775 vocati
817 721 965 772 nihil
1002 721 1188 785 potius
1227 719 1468 780 habetiS‚
1514 733 1682 783 quam
1731 715 2064 769 calamitosis
2102 717 2253 769 hisce

356 810 692 875 temporibus
748 822 968 858 omnem
1026 806 1083 855 in
1139 819 1194 855 re
1254 803 1515 854 catholica
1566 802 1773 853 tuenda
1818 803 2251 868 animarumque

356 895 528 946 salute
567 894 806 945 curanda
841 896 1074 942 vestram
1116 904 1276 955 opem
1314 888 1476 940 Nobis
1513 887 1680 949 ferre,
1725 887 2068 953 multiplices
2105 901 2255 938 moe-

356 996 505 1031 rores
544 980 763 1031 Nostros
800 975 992 1038 lenire,
1038 990 1099 1026 ac
1137 974 1406 1040 ampliora
1441 974 1499 1023 in
1528 974 1643 1026 dies
1667 978 1872 1025 vestrae
1899 973 2029 1024 fidei
2055 973 2256 1024 volun-

358 1066 481 1115 tatis
536 1071 587 1115 et
641 1062 902 1127 obsequii,
948 1075 1073 1125 erga
1133 1060 1277 1110 hanc
1335 1059 1480 1109 Petri
1538 1059 1851 1109 cathedram
1891 1059 2255 1124 experimenta

353 1149 622 1214 praebere.
666 1147 777 1196 Hoc
815 1150 991 1196 vestro
1049 1144 1314 1209 adspectu
1364 1157 1679 1194 recreamur
1714 1142 2104 1204 vehementer,
2149 1143 2255 1193 hoc

356 1248 495 1283 novo
532 1233 748 1298 pietatis
785 1236 837 1281 et
875 1230 1080 1280 amoris
1118 1229 1287 1279 vestri
1327 1233 1652 1292 argumento
1703 1242 1764 1278 ac
1824 1227 2141 1278 testimonio
2184 1227 2250 1278 de

356 1316 470 1367 illis
506 1316 738 1368 libenter
776 1315 1139 1376 recordamur,
1185 1328 1324 1378 quae
1362 1327 1536 1378 usque
1575 1313 1642 1363 ad
1679 1312 1822 1363 hanc
1857 1312 2003 1363 diem
2030 1327 2255 1363 concor-

360 1402 519 1452 dibus
556 1401 768 1462 animiS‚
813 1415 923 1450 non
963 1415 1076 1450 uno
1114 1399 1428 1450 studiorum
1486 1412 1714 1463 genere,
1758 1413 1870 1448 non
1926 1398 2255 1448 intermissis

359 1488 526 1552 curiS,
569 1502 679 1536 non
721 1484 958 1535 deterriti
995 1468 1234 1535 adversis
1274 1485 1524 1535 certatim
1563 1483 1824 1536 edidistis,
1889 1482 2035 1543 Quae
2090 1498 2254 1549 porro

361 1588 547 1624 rerum
586 1571 1037 1622 suavissimarum
1076 1571 1345 1621 memoria
1383 1569 1491 1620 alte
1531 1568 1695 1620 Nobis
1734 1570 1792 1619 in
1832 1569 2019 1620 animo
2057 1568 2246 1629 infixa,

357 1672 674 1723 semperque
715 1670 991 1717 mansura,
1039 1653 1178 1706 illud
1218 1656 1392 1719 efficit,
1438 1660 1499 1705 ut
1539 1660 1727 1719 gratus
1764 1654 1987 1705 Nostrae
2014 1655 2253 1705 caritatis

355 1757 576 1807 senSUS,
619 1739 794 1791 multo
852 1756 1002 1791 nunc
1059 1756 1227 1806 quam
1288 1740 1421 1791 alias
1472 1740 1753 1792 ardentior
1791 1745 1956 1806 atque
1994 1740 2250 1805 vividior,
2300 1764 2303 1767 ·

358 1843 484 1891 erga
521 1827 841 1878 universum
879 1833 1120 1877 vestrum
1158 1827 1415 1878 ordinem
1453 1827 1738 1894 perspicua
1784 1826 2162 1878 testificatione
2202 1831 2254 1877 et

355 1911 816 1965 luculentioribus
856 1912 1050 1977 signiS,
1092 1912 1276 1978 palam
1316 1912 1646 1978 publiceque
1698 1912 1889 1976 gestiat
1939 1925 2244 1977 erumpere.

358 2207 602 2246 consesso.
638 2195 1003 2257 Imperciocche
1034 2198 1116 2245 voi
1149 2197 1213 2245 da
1245 2198 1379 2247 tutte
1410 2197 1457 2247 le
1487 2198 1690 2258 regioni
1720 2197 1849 2247 della
1893 2199 2030 2247 terra
2070 2209 2160 2258 per
2204 2197 2255 2246 la

359 2272 735 2331 significazione
768 2274 846 2319 del
876 2273 1055 2320 Nostro
1089 2274 1335 2322 desiderio
1366 2287 1394 2321 e
1424 2287 1514 2333 per
1543 2274 1757 2322 l'istinto
1779 2275 1909 2323 della
1929 2274 2101 2322 vostra
2119 2274 2256 2333 pieta

356 2346 577 2393 condotti
607 2347 661 2392 in
693 2347 870 2406 questa
902 2348 1076 2406 Roma,
1110 2348 1192 2394 voi
1223 2349 1474 2406 prestanti
1504 2361 1593 2407 per
1617 2349 1794 2396 esimia
1825 2349 2093 2408 religione,
2118 2348 2254 2395 chia·

354 2420 478 2465 mati
509 2433 538 2465 a
567 2421 709 2478 parte
741 2421 870 2468 della
899 2421 1080 2467 Nostra
1102 2422 1467 2482 sollecitudine,
1487 2435 1591 2470 non
1615 2423 1760 2470 avete
1783 2423 1946 2469 niuna
1971 2434 2086 2470 cosa
2106 2421 2254 2469 tanto

355 2505 385 2537 a
415 2505 564 2540 cuore
595 2494 786 2553 quanto
834 2494 884 2540 di
931 2495 1050 2541 dare
1082 2508 1112 2541 a
1144 2495 1235 2543 Noi
1267 2493 1393 2555 ogni
1425 2497 1594 2544 vostro
1631 2497 1772 2543 aiuto
1803 2498 1887 2544 nel
1919 2497 2175 2543 difendere
2205 2496 2254 2542 la

357 2565 628 2613 cattolicita
658 2580 684 2614 e
716 2568 798 2614 nel
830 2579 1100 2626 procurare
1130 2570 1180 2615 la
1210 2571 1434 2617 salvezza
1466 2571 1594 2618 delle
1626 2571 1795 2618 anime
1826 2571 1882 2616 in
1903 2570 2069 2630 questi
2089 2571 2248 2629 tempi

357 2639 663 2699 calamitosi,
697 2641 747 2686 di
792 2642 950 2688 lenire
990 2643 1036 2689 le
1067 2643 1338 2701 molteplici
1384 2644 1562 2691 Nostre
1611 2643 1847 2691 afflizioni
1867 2679 1880 2703 ,
1916 2656 1943 2690 e
1974 2644 2025 2690 di
2055 2644 2255 2690 sommi-

361 2712 576 2759 nistrare
608 2715 896 2772 argomenti
928 2716 1054 2774 ogni
1086 2717 1269 2774 giorno
1299 2713 1391 2776 piu
1422 2719 1577 2777 ampii
1609 2719 1738 2766 della
1760 2719 1932 2766 vostra
1951 2717 2151 2777 fedelta,
2175 2717 2255 2765 del

358 2786 526 2831 vostro
557 2783 727 2833 affetto
775 2801 802 2834 e
847 2789 976 2835 della
1022 2790 1192 2836 vostra
1239 2791 1501 2839 riverenza
1533 2805 1678 2840 verso
1710 2792 1890 2852 questa
1921 2790 2159 2839 Cattedra
2204 2791 2256 2837 di

358 2858 539 2913 ‚Pietroa
589 2860 649 2905 Di
700 2861 876 2918 questo
925 2863 1091 2909 vostro
1138 2864 1333 2922 aspetto
1380 2866 1426 2912 ci
1470 2866 1776 2913 consoliamo
1806 2865 2195 2925 grandemente,
2228 2877 2256 2911 e

359 2933 537 2990 questa
586 2935 783 2980 novella
833 2948 989 2993 prova
1039 2950 1065 2983 e
1117 2938 1506 2985 testimonianza
1560 2940 1689 2987 della
1734 2939 1872 2998 pieta
1902 2953 1929 2986 e
1963 2940 2255 2987 dell'affetto

359 3005 528 3052 vostro
559 3007 604 3052 ci
635 3007 877 3054 richiama
908 3010 1005 3055 alla
1035 3011 1276 3058 memoria
1307 3025 1400 3059 con
1434 3014 1571 3061 dolce
1602 3014 1897 3061 ricordanza
1934 3015 2097 3074 quelle
2127 3014 2255 3060 altre

359 3077 469 3137 che,
502 3091 595 3124 con
630 3080 787 3126 animi
819 3083 1085 3142 concordi,
1119 3096 1213 3130 con
1245 3080 1335 3143 piu
1365 3087 1592 3134 maniere
1624 3087 1959 3146 d'industrie,
1994 3099 2089 3134 con
2135 3095 2255 3134 cure

357 3164 461 3198 non
494 3153 595 3198 mai
626 3153 906 3213 interrotte,
940 3168 1088 3202 senza
1120 3168 1281 3205 essere
1313 3160 1531 3206 atterriti
1563 3162 1693 3207 dalle
1726 3161 1982 3209 avversita
2002 3195 2014 3219 ,
2049 3173 2079 3206 a
2126 3172 2256 3219 gara

358 3225 503 3272 avete
549 3226 663 3272 date
709 3228 819 3274 sino
866 3230 912 3274 al
960 3231 1191 3287 presente
1236 3233 1436 3290 giorno,
1472 3235 1660 3290 Questa
1691 3235 2060 3281 rimembranza
2090 3235 2173 3292 poi
2190 3226 2255 3280 'di

357 3310 469 3345 cose
497 3298 646 3346 tanto
678 3302 833 3360 soavi,
868 3302 959 3349 che
978 3303 1004 3349 e
1024 3305 1437 3362 profondamente
1459 3309 1670 3366 scolpita
1690 3322 1717 3356 e
1739 3308 1929 3356 restera
1948 3321 2037 3367 per
2059 3319 2255 3366 sempre

358 3372 441 3418 nel
471 3373 649 3419 Nostro
681 3374 882 3433 anim0,
916 3376 967 3422 fa
997 3376 1038 3423 si
1071 3377 1162 3424 che
1207 3379 1241 3424 il
1289 3381 1439 3438 grato
1485 3391 1632 3429 senso
1678 3383 1806 3430 della
1837 3384 2018 3430 Nostra
2062 3381 2252 3440 carita,

355 3446 509 3491 molto
553 3440 644 3503 piu
690 3447 898 3494 ardente
945 3462 972 3497 e
1019 3451 1137 3499 vivo
1170 3452 1348 3499 adesso
1379 3454 1471 3501 che
1504 3457 1631 3503 altre
1663 3456 1797 3504 volte
1817 3490 1830 3516 ,
1865 3469 2009 3505 verso
2053 3457 2189 3503 tutto
2218 3451 2259 3504 il

358 3518 527 3564 vostro
559 3518 750 3579 ordine,
782 3521 945 3567 brami
979 3523 1029 3569 di
1061 3525 1399 3573 manifestarsi
1430 3522 1778 3587 apertamente
1800 3542 1826 3577 e
1846 3530 2256 3590 pubblicamente

359 3601 454 3637 con
485 3591 750 3651 perspicua
779 3593 1133 3666 riconoscenza
1165 3610 1191 3644 e
1224 3611 1318 3646 con
1348 3598 1438 3660 piu
1468 3602 1653 3655 illustri
1684 3603 2073 3660 significazioni.
