2488 4290
6 253 25 277 ;.

10 294 34 322 ξ’

0 360 14 370 Γ

4 366 30 462 ἔ

0 467 42 526 ⁶:

1326 239 1339 255 ,
1411 210 1463 245 s

2004 291 2063 343 27

158 392 479 467 accurrisse,
542 402 637 453 sed
700 401 880 453 fronte
918 401 1088 453 simul
1143 401 1343 462 attrita,
1407 399 1748 464 demissoque
1806 414 2061 451 curarum

155 488 396 556 pondere
453 488 642 552 capite,
707 494 868 553 atque
926 487 1129 538 animis
1184 501 1438 537 moerore
1495 485 1781 551 consectis,
1842 493 2063 552 propter

156 573 455 625 horrendas
494 573 810 625 animarum
851 578 1076 638 strages,
1130 586 1269 638 quae
1297 572 1559 637 antiquus
1586 571 1820 622 humani
1846 572 2064 634 generis

157 658 499 710 adversarius
525 658 649 710 iam
690 658 883 724 edidit,
927 673 1174 724 quasque
1214 658 1383 709 etiam
1410 665 1562 724 parat
1609 658 1847 709 maiores
1873 658 1932 707 in
1971 674 2064 723 po-

158 749 366 795 sterum
407 744 677 795 editurus.
722 744 845 810 Vos,
890 745 1140 810 inquam,
1181 744 1344 795 video
1385 743 1453 795 ad
1479 744 1778 810 mysticum
1805 743 1913 796 hoc
1937 759 2064 796 coe-

157 827 421 879 naculum
462 829 800 892 adventasse,
836 835 912 892 ut,
944 829 1156 881 viribus
1184 827 1547 895 consiliisque
1577 828 1806 892 collatiS,
1841 829 2064 880 uberius

156 913 285 966 inde
322 915 564 966 veritatis
602 929 664 967 ac
690 910 951 966 ¹iustitiae
990 930 1181 967 semen
1218 915 1698 967 nancisceremini.
1732 915 1839 967 Nec
1866 914 2067 966 frustra

157 1000 262 1051 erit
299 1002 600 1067 expectatio
638 995 837 1068 vestra,
881 1002 1049 1067 idque
1089 1001 1255 1053 Vobis
1301 1002 1644 1067 apertissime
1683 1002 1925 1053 ostendit
1949 1001 2068 1067 ipsa

156 1088 394 1150 gravitas
429 1101 636 1151 rerum,
679 1102 821 1153 quae
858 1088 918 1138 in
956 1087 1063 1139 hac
1101 1086 1323 1152 Synodo
1363 1093 1528 1139 erunt
1563 1087 2004 1154 pertractandae.

227 1173 394 1224 Porro
432 1171 596 1238 longe
654 1174 816 1239 absit,
877 1179 940 1224 ut
996 1187 1096 1238 ego
1154 1171 1323 1223 velim
1380 1173 1812 1240 sapientissimas
1866 1178 2068 1225 vestras

156 1256 579 1311 deliberationes
615 1263 972 1326 praevertere,
1018 1259 1065 1310 si
1106 1258 1406 1310 luminosis
1445 1259 1703 1310 insistens
1729 1259 1974 1324 vestigiis
2001 1260 2067 1311 ab

157 1349 389 1409 augusto
427 1350 615 1397 nostro
654 1345 914 1397 Pontifice
940 1343 1113 1396 libere
1139 1344 1252 1395 iam
1275 1345 1576 1410 patefactis,
1622 1345 1895 1397 affirmare
1921 1360 2070 1397 nunc

157 1430 339 1481 ausim
377 1430 602 1482 divitem
640 1445 700 1482 ex
740 1445 802 1482 ea
839 1427 1083 1482 caelestis
1123 1427 1277 1481 illius
1338 1430 1567 1481 seminis
1606 1432 1822 1496 copiam
1861 1431 2066 1481 affatim

158 1516 513 1582 comparandi
576 1515 893 1567 facultatem
953 1512 1357 1580 amplissimam
1414 1515 1581 1567 Vobis
1637 1516 1899 1567 omnibus
1955 1531 2068 1567 esse

159 1600 360 1652 datam.
405 1604 609 1666 Agetur
648 1602 798 1652 enim
843 1598 1122 1666 quomodo
1179 1600 1469 1652 christiani
1526 1601 1720 1668 populi
1762 1617 1792 1653 a
1830 1603 2069 1668 putridis

156 1685 468 1752 vitiatisque
508 1687 658 1738 omni
703 1702 954 1738 errorum
995 1685 1231 1745 colluvie
1281 1687 1528 1738 cisternis
1556 1687 1803 1754 abducti,
1847 1690 1915 1740 ad
1941 1687 2069 1739 lim-

158 1769 314 1836 pidas
350 1777 508 1838 atque
545 1772 897 1824 inexhaustas
949 1771 1251 1824 Servatoris
1290 1787 1458 1838 aquas
1517 1774 1729 1839 possint
1783 1776 2063 1826 revocari:

71 1854 76 1858 ’
161 1860 441 1925 quomodo
478 1857 726 1911 benefica
765 1857 1039 1910 Ecclesiae
1078 1859 1220 1909 actio
1267 1859 1378 1911 sive
1416 1873 1585 1911 novas
1622 1860 1825 1912 formas
1851 1860 2062 1923 induta,

158 1944 269 1997 sive
307 1945 466 1997 novis
502 1944 768 1997 instructa
805 1941 1162 1997 adminiculis
1199 1946 1446 2009 vegetior
1483 1946 1638 1997 reddi
1675 1946 1862 2012 possit,
1895 1953 1958 1998 ut
1986 1962 2069 1999 se-

160 2223 343 2292 fronte5
377 2227 453 2280 601
484 2240 609 2292 capo
656 2229 808 2280 chino
853 2242 942 2291 per
989 2229 1294 2291 gravissime
1337 2242 1475 2290 cure,
1509 2229 1798 2279 coll'animo
1830 2231 2073 2279 straziato

161 2302 244 2354 dal
276 2298 445 2354 dolore
476 2319 507 2353 a
541 2307 760 2365 cagione
791 2308 918 2354 delle
950 2308 1166 2353 orrende
1189 2306 1355 2365 stragi
1378 2307 1508 2353 delle
1529 2303 1717 2365 anime,
1743 2307 1835 2353 che
1863 2307 2075 2354 l’antsco

161 2377 454 2427 avversario
486 2379 766 2427 dell'uman
801 2393 992 2439 genere
1023 2380 1091 2426 ha
1121 2381 1212 2438 gia
1244 2380 1387 2439 fatto,
1422 2392 1449 2426 e
1481 2380 1533 2425 di
1566 2381 1730 2438 quelle
1761 2378 1853 2437 piu
1885 2378 2074 2439 grandi

131 2451 133 2456 ⁴
161 2455 254 2502 che
285 2455 366 2501 sta
395 2467 484 2512 per
517 2455 638 2502 fare.
697 2456 761 2501 Vi
807 2467 1000 2514 vegg0‚
1035 2456 1083 2501 10
1114 2455 1243 2514 (1160,
1293 2453 1573 2501 convenuti
1604 2468 1635 2500 a
1665 2455 1845 2511 questo
1877 2455 2077 2501 mistico

161 2529 414 2589 66116601οζ
447 2529 601 2576 affine
633 2530 686 2575 di
718 2530 1031 2588 raccogliere
1063 2529 1379 2597 dall’upnione
1411 2529 1539 2575 delle
1571 2530 1703 2575 forze
1750 2542 1777 2576 e
1823 2530 1958 2575 dalla
2000 2542 2078 2574 60-

161 2614 418 2650 munanza
466 2604 548 2650 dei
595 2604 816 2662 consigli
863 2616 939 2648 un
986 2615 1121 2649 seme
1160 2598 1252 2660 pid
1299 2603 1626 2665 abbondante
1671 2604 1723 2649 di
1771 2603 1936 2650 verita
1968 2616 1994 2650 e
2026 2604 2077 2649 di

123 2662 147 2726 ⁸,
164 2677 425 2735 giustizia.
475 2678 548 2724 Ne
578 2679 629 2723 16
661 2677 834 2724 vostra
864 2677 1207 2734 aspettazione
1238 2676 1353 2723 6616
1384 2689 1538 2737 vana,
1572 2690 1599 2724 e
1631 2678 1703 2724 Ve
1733 2679 1781 2723 lo
1813 2679 1969 2724 rende
2000 2679 2081 2724 del

162 2750 301 2796 tutto
346 2752 515 2808 palese
560 2752 611 2796 16
651 2751 812 2798 stessa
860 2750 1071 2809 gravita
1119 2751 1247 2797 delle
1289 2763 1418 2810 cose,
1453 2751 1544 2798 che
1588 2751 1643 2796 in
1677 2751 1857 2809 questo
1891 2752 2079 2799 Sinodo

163 2824 428 2870 dovranno
458 2823 709 2892 trattarsi.

225 2898 312 2944 Sia
343 2898 500 2956 lungi
529 2898 594 2946 da
625 2911 707 2946 me
738 2900 774 2945 11
806 2900 944 2946 voler
975 2900 1244 2963 prevenire
1274 2900 1322 2946 16
1352 2899 1522 2947 vostre
1553 2900 1928 2958 sapientissime
1960 2900 2081 2947 deli-

138 2971 438 3032 berazioni,
471 2984 541 3032 se,
566 2973 860 3021 tenendomi
892 2975 1021 3021 sulle
1052 2987 1190 3021 orme
1220 2975 1474 3022 luminose
1504 2975 1828 3034 larg-amente
1859 2976 2077 3034 segnate

165 3046 248 3092 dal
294 3046 469 3093 nostro
515 3047 742 3106 augusto
788 3048 1056 3108 Pontefice‚
1104 3060 1190 3095 oso
1235 3049 1500 3096 affermare
1546 3051 1736 3096 esservi
1784 3050 1903 3096 dato
1934 3050 2074 3095 tutto

163 3120 326 3181 l’agio
356 3122 591 3180 possibile
623 3124 676 3169 di
707 3124 1019 3182 raccogliere
1049 3123 1115 3170 da
1146 3123 1327 3182 questo
1359 3124 1548 3171 Sinodo
1590 3124 1908 3171 ricohissima
1939 3125 2081 3182 copia

165 3196 218 3242 di
250 3197 613 3263 semeceleste.
647 3197 1031 3245 Conciossiache
1063 3199 1106 3244 si
1138 3198 1357 3245 trattera
1388 3211 1528 3246 come
1550 3200 1585 3244 il
1606 3200 1787 3257 popolo
1817 3198 2079 3255 cristian0‚

164 3270 376 3317 rimosso
424 3272 556 3318 dalle
599 3271 728 3318 fonti
777 3271 984 3330 putride
1029 3284 1057 3319 e
1102 3272 1288 3319 viziate
1308 3284 1398 3330 per
1426 3274 1476 3319 16
1507 3273 1723 3319 colluvie
1755 3273 1807 3319 di
1837 3273 1965 3319 tutti
1999 3273 2078 3330 gli

165 3345 341 3403 errori,
373 3357 523 3403 possa
552 3346 841 3392 ricondursi
874 3347 970 3392 alle
1000 3347 1209 3405 limpide
1240 3359 1267 3393 e
1309 3340 1529 3405 perenni.
1572 3359 1733 3405 acque
1780 3348 1859 3394 del
1908 3348 2081 3392 Salva-

166 3418 304 3466 tore:
353 3431 492 3467 come
537 3421 751 3467 l’azione
794 3420 1022 3467 benefica
1068 3421 1199 3467 della
1241 3421 1439 3480 Ohiesa‚
1489 3434 1518 3467 o
1565 3422 1752 3468 vestita
1805 3421 1857 3466 di
1910 3433 2080 3466 nuove

166 3495 342 3551 forme,
375 3506 404 3540 o
437 3495 626 3543 sornita
655 3497 708 3542 di
741 3496 900 3543 nuovi
932 3495 1080 3555 aiuti,
1112 3506 1260 3553 possa
1291 3496 1518 3542 rendersi
1560 3496 1651 3554 piu
1695 3495 1922 3553 robusta,
1958 3507 1985 3539 e
2022 3495 2078 3538 in
