2488 4290
415 353 499 401 154

476 460 530 529 e)
568 460 781 512 Infirmi
819 462 876 512 in
915 460 1021 513 fide
1060 478 1195 528 quos
1233 461 1551 513 Pontificiae
1601 460 1931 513 auctoritatis
1967 461 2293 516 adversario-

402 561 525 596 rum
563 545 894 612 sophismata
932 553 984 598 et
1020 546 1308 598 mendacia
1345 545 1688 611 deceperunt,
1735 543 1966 598 Concilii
1996 544 2212 600 silentio
2234 549 2292 599 in

402 647 500 683 suo
541 647 719 684 errore
759 630 1084 693 confirmati,
1130 645 1242 682 non
1282 628 1737 683 infallibilitatem
1794 637 2009 683 tantum
2062 632 2295 684 Romani

401 719 697 783 PontificiS,
739 718 832 770 sed
853 719 1033 784 ipsum
1061 718 1181 768 eius
1206 718 1505 784 primatum
1531 716 1801 783 totiusque
1827 715 2093 771 Ecclesiae
2117 723 2298 770 aucto-

402 806 623 856 ritatem
662 822 772 856 non
812 811 1032 871 possent
1069 818 1180 855 non
1221 808 1588 856 contemnere.

463 888 532 959 f)
568 892 713 942 Inter
751 889 1015 941 Ecclesiae
1054 895 1291 963 pastores
1331 890 1527 942 divisio
1564 889 1930 957 irreparabilis
1966 899 2291 957 nasceretur,

404 992 546 1040 cum,
590 977 647 1026 in
687 977 1006 1042 quaestione
1028 960 1609 1042 adefffundamentali,
1649 990 1895 1042 quaeque
1932 977 2000 1028 ad
2035 976 2301 1043 quotidia-

402 1078 536 1114 num
559 1061 950 1114 ecclesiasticae
971 1062 1308 1114 auctoritatis
1330 1062 1648 1115 exercitium
1670 1068 1892 1129 spectat,
1913 1063 2106 1115 ambae
2126 1067 2303 1129 partes

402 1150 460 1199 in
499 1163 595 1200 sua
633 1148 907 1200 sententia
958 1146 1435 1211 confirmarentur,
1489 1154 1542 1199 et
1579 1144 1671 1198 alii
1723 1146 1855 1200 alios
1908 1148 2103 1201 erroris
2148 1162 2303 1201 accu-

404 1241 597 1286 sarent.
1718 1230 1721 1235 ’
2249 1281 2254 1286 .

468 1325 530 1387 9)
568 1321 806 1372 Ecclesia
844 1327 957 1372 toto
1010 1336 1108 1372 suo
1155 1322 1366 1387 robore,
1421 1322 1570 1388 quod
1619 1321 1676 1371 in
1729 1322 1936 1373 unitate
1986 1322 2156 1373 situm
2201 1326 2298 1384 est,

404 1409 492 1458 his
530 1408 892 1459 divisionibus
938 1408 1246 1473 orbaretur;
1302 1422 1482 1474 neque
1530 1410 1640 1460 iam
1688 1409 1828 1461 vires
1877 1424 1998 1461 suas
2049 1407 2307 1471 colligere

405 1500 587 1560 posset
622 1495 732 1546 sive
770 1494 836 1544 ad
874 1494 1058 1546 hostes
1096 1493 1462 1558 debellandOS,
1509 1497 1618 1548 sive
1657 1496 1726 1547 ad
1764 1496 2038 1546 mundum
2064 1507 2303 1544 ,conver—

406 1581 649 1636 tendum.
695 1580 755 1630 In
793 1581 908 1647 ipso
961 1580 1160 1631 Christi
1206 1595 1393 1648 regno,
1453 1581 1602 1648 quod
1652 1580 1818 1637 absitl
1868 1581 2160 1634 anathema
2206 1579 2308 1629 im-

407 1666 672 1733 pleretur:
717 1681 851 1718 omne
887 1681 1091 1732 requam
1130 1671 1306 1719 contra
1344 1667 1558 1734 seipsam
1595 1668 1808 1719 divisam
1846 1666 2173 1719 desolabitur.

478 1751 537 1823 Ιι)
574 1754 760 1805 Hostes
796 1753 1078 1817 Ecclesiae,
1125 1754 1235 1804 sive
1272 1753 1555 1818 haeretici,
1618 1755 1728 1806 sive
1785 1754 2138 1819 schismatici,
2198 1752 2308 1807 sive

408 1839 683 1891 increduli
723 1855 941 1892 summo
981 1847 1034 1891 et
1071 1841 1198 1891 satis
1236 1840 1432 1892 merito
1472 1847 1789 1908 contemptu
1824 1842 2001 1908 ipsam
2055 1840 2310 1905 deinceps

412 1931 882 1993 prosequerentur.
915 1924 1267 1977 Pontificatus
1292 1927 1509 1978 romani
1540 1925 2009 1988 humiliationem,
2055 1912 2318 1978 catholici

413 2013 756 2079 Episcopatus
785 2013 1099 2076 divisioneS,
1123 2012 1463 2063 auctoritatis
1483 2012 1549 2063 ad
1573 2027 1662 2063 eas
1685 2012 2101 2078 compescendas
2126 2012 2312 2064 ahsen-

416 2099 564 2160 tiam,
612 2098 969 2150 traditionum
1008 2099 1450 2167 inconstantiam,
1492 2099 1807 2164 praeteritos
1835 2097 2038 2165 papalis
2075 2098 2315 2150 auctori-

417 2185 540 2235 tatis
593 2186 821 2251 abUSUS,
882 2185 1106 2236 maioris
1160 2185 1549 2251 Episcoporum
1604 2185 1773 2251 partis
1827 2184 2106 2248 ignaviam
2158 2183 2314 2235 nobis

419 2270 795 2336 exprobarent,
837 2285 935 2323 nec
973 2270 1133 2322 facile
1173 2277 1252 2322 est
1288 2270 1471 2321 videre
1501 2270 1633 2336 quid
1672 2269 1804 2341 ipsis
1841 2270 2308 2338 responderemus.

745 2413 771 2485 ἓ
809 2417 857 2467 2.
902 2445 970 2453 -—
1005 2415 1327 2483 Definitionis
1354 2414 1591 2482 pericula
1628 2419 1677 2466 et
1714 2415 1986 2467 utilitates,

489 2527 601 2582 Iam
639 2545 767 2582 vero
805 2529 968 2581 aliam
1007 2530 1361 2597 hypothesim
1417 2511 1843 2594 consideremus,
1889 2544 2086 2596 nempe
2125 2527 2317 2581 defini-

422 2618 629 2669 tionem
667 2617 994 2669 inerrantiae
1034 2616 1246 2670 Summi
1272 2615 1554 2669 Pontificis
1593 2632 1655 2668 ex
1692 2616 1944 2667 cathedra
1977 2614 2264 2681 loquentis.

491 2705 546 2754 A.
592 2706 653 2753 Et
687 2703 915 2768 quidem
953 2703 1130 2769 primo
1170 2703 1554 2768 quaerendum
1581 2708 1659 2754 est
1694 2703 1962 2767 quaenam
2002 2717 2062 2752 ex
2100 2701 2204 2752 hac
2227 2701 2318 2754 de-

424 2787 676 2840 finitione
703 2789 940 2856 pericula
977 2793 1027 2840 et
1061 2789 1364 2841 incommoda
1413 2789 1623 2840 oritura
1679 2803 1795 2840 esse
1854 2788 1968 2845 eius
2004 2786 2318 2839 *adversarii

424 2875 765 2941 portendant.

498 2965 553 3023 a)
591 2962 839 3013 Primum
878 2970 956 3015 est
992 2962 1299 3029 periculum
1335 2963 1637 3026 schismatis,
1696 2976 1822 3014 cum
1863 2960 2167 3013 timendum
2205 2974 2319 3012 esse

428 3048 641 3099 dicatur
678 3062 746 3099 ne
783 3048 1011 3113 plurimi
1046 3050 1187 3100 inter
1223 3065 1315 3101 eos
1352 3049 1448 3114 qui
1486 3048 1828 3114 pontificiam
1865 3044 2320 3099 infallibilitatem

428 3139 630 3198 negant
666 3134 850 3200 potius
886 3134 952 3185 ab
992 3133 1226 3187 Ecclesia
1277 3135 1510 3201 separari
1567 3132 1770 3198 eligant
1817 3147 1981 3198 quam
2019 3132 2150 3183 huic
2186 3129 2322 3183 defi-

352 3225 365 3241 ·
430 3219 631 3270 nitioni
668 3233 724 3270 se
761 3219 1098 3271 submittere.
2270 3224 2277 3238 '

499 3301 546 3365 b)
583 3300 824 3354 Alterum
862 3309 942 3357 est
977 3305 1281 3371 periculum
1336 3305 1584 3371 scandali,
1643 3304 1825 3371 quoad
1876 3319 1966 3355 eos
2023 3301 2320 3355 catholicos

432 3390 526 3455 qui
563 3407 595 3442 a
632 3389 926 3442 schismate
960 3391 1185 3456 'quidem
1222 3391 1610 3453 abhorrebunt,
1655 3390 1749 3442 sed
1786 3389 1870 3439 vix
1912 3394 2090 3440 tamen
2141 3394 2322 3440 actum

436 3478 570 3531 fidei
588 3477 750 3531 edere
768 3482 1025 3544 poterunt
1049 3477 1191 3528 circa
1215 3478 1495 3531 veritatem
1517 3477 1679 3529 tantis
1704 3474 2115 3528 auctoritatibus
2135 3479 2348 3540 totque·

438 3564 776 3631 argumentis
813 3563 1204 3632 impugnatam.

581 3678 599 3700 ⁸
