2488 4290
1994 311 2079 359 159

183 419 446 484 agebatur
482 420 548 469 de
587 418 839 482 dogmate
880 413 1268 468 Immaculatae
1320 414 1697 482 Conceptionis
1749 416 2084 483 definiendo,

182 504 540 568 nutriverant,
583 509 636 555 et
675 518 814 571 quos
853 503 1103 570 deinceps
1140 500 1370 553 feliciter
1410 506 1637 553 eventus
1676 500 1881 554 fefellit.
1926 502 2090 554 Simi-

182 588 329 641 libus
368 603 428 640 ex
467 590 641 641 causis
678 587 917 641 similem
957 603 1047 641 eos
1086 589 1195 654 pati
1233 587 1414 653 quoad
1458 602 1712 652 praesens
1752 588 1949 652 dogma
2001 590 2090 642 de-

182 675 494 743 ceptionem
534 674 754 726 credere
791 673 937 725 licet.

251 763 316 812 At
350 774 478 812 vero
515 759 659 811 nihil
696 760 1020 812 huiusmodi
1060 766 1348 812 autumare
1389 761 1470 812 fas
1497 766 1576 811 est
1604 759 1697 813 ubi
1728 760 1794 811 de
1833 760 2093 827 periculis

182 845 365 912 agitur
399 860 540 911 quae
595 845 931 898 definitionis
989 846 1344 898 omissionem
1407 852 1886 912 consequerentur.
1952 846 2093 898 Haec

183 932 332 984 enim
368 945 479 983 non
521 937 631 983 tam
667 932 1053 998 praevidemus
1090 947 1255 998 quam
1294 931 1560 984 manibus
1601 932 1893 996 tangimus

253 1019 304 1088 e)
340 1016 587 1071 Pericula
623 1019 854 1070 omissae
892 1015 1232 1070 definitionis
1280 1018 1560 1070 intrinseca
1611 1025 1757 1083 sunt,
1814 1027 1866 1070 et
1915 1019 2087 1085 ipsam

184 1091 450 1159 Ecclesiae
489 1104 826 1156 existentiam
865 1104 1157 1169 attingunt.
1200 1105 1327 1157 Eius
1368 1103 1574 1157 scilicet
1626 1104 1847 1157 traditio
1901 1104 2090 1157 obscu-

186 1196 359 1258 ratur,
402 1192 584 1242 unitas
623 1191 891 1254 turbatur,
939 1191 1230 1242 auctoritas
1269 1189 1602 1255 debilitatur,
1636 1190 1990 1244 Pontificatus
2014 1192 2095 1243 vi-

186 1278 355 1344 lescit,
398 1275 708 1330 hierarchia
737 1275 1081 1342 dissolvitur3
1127 1291 1155 1328 e
1185 1277 1456 1328 contrario
1493 1275 1827 1329 definitionis
1852 1277 2093 1344 pericula

189 1379 389 1431 magna
427 1379 488 1416 ex
525 1368 675 1431 parte
716 1363 1004 1415 extrinseca
1041 1369 1173 1414 sunt
1211 1369 1264 1414 et
1301 1362 1370 1414 ad
1409 1377 1499 1415 eos
1539 1363 1633 1429 qui
1672 1363 1800 1415 foris
1828 1370 1958 1416 sunt
1982 1380 2097 1416 ma-

188 1452 335 1503 xime
373 1455 628 1518 spectant.
674 1450 742 1499 Hi
779 1454 963 1500 autem
1003 1449 1109 1515 ipsi
1148 1464 1179 1500 a
1215 1449 1438 1501 veritate
1476 1447 1871 1515 amplectenda,
1914 1451 1959 1502 si
1987 1452 2096 1502 sin·

190 1538 297 1590 ceri
334 1542 476 1600 sunt,
523 1535 800 1603 proposita
838 1534 1470 1607 definitioneremoveri
1509 1536 1940 1603 nequeunt.·Qui
1968 1552 2094 1589 vero

191 1624 258 1676 de
296 1624 404 1675 hoc
441 1621 720 1674 obstaculo
759 1623 998 1674 maxime
1038 1626 1472 1688 conqueruntur,
1514 1623 1553 1673 ii
1592 1628 1721 1674 sunt
1759 1624 1855 1689 qui
1910 1626 2096 1677 catho-

189 1709 283 1763 lici
309 1709 430 1762 fieri
456 1708 660 1761 vellent
686 1709 822 1775 quin
846 1723 1010 1759 suum
1033 1708 1377 1760 intellectum
1399 1709 1720 1761 submittere
1743 1716 2089 1778 cogerentur;

192 1797 288 1864 qui
325 1810 524 1862 nempe
562 1798 1018 1860 argumentorum
1056 1795 1110 1845 vi
1137 1796 1204 1846 ad
1231 1794 1560 1847 catholicam
1586 1797 1881 1848 veritatem
1898 1796 2090 1860 adacti,

191 1881 468 1934 haeretico
506 1881 702 1949 spiritu
758 1881 824 1933 ab
861 1880 1068 1932 humili
1109 1879 1237 1932 fidei
1277 1880 1539 1947 obsequio
1578 1886 1923 1933 avertuntur.
1979 1884 2095 1936 Non

195 1972 274 2023 est
308 1981 439 2021 sane
488 1983 583 2020 cur
633 1967 700 2019 ad
751 1967 1077 2019 huiusmodi
1115 1966 1342 2020 asseclas
1390 1966 1813 2021 lucrifaciendos
1865 1969 2097 2022 Ecclesia

192 2068 350 2107 suam
388 2054 738 2106 traditionem
779 2059 832 2104 et
869 2054 1248 2106 auctoritatem
1288 2053 1517 2105 abdicet.

264 2140 317 2204 d)
354 2139 596 2194 Pericula
634 2140 866 2193 omissae
906 2138 1245 2193 definitionis
1278 2141 1587 2206 qraee‘ssima
1625 2148 1768 2205 sunt,
1814 2148 1865 2193 et
1903 2142 2096 2196 Christi

195 2225 531 2280 institutioni
553 2226 935 2292 maiorumque
964 2226 1251 2278 traditioni·
1267 2227 1612 2279 essentialiter
1638 2230 1917 2280 contraria.
1949 2227 2098 2280 Nihil

196 2319 276 2367 est
326 2301 674 2380 enim'quod
723 2313 964 2365 Christus
1016 2313 1190 2378 magis
1243 2315 1707 2367 commendaverit
1754 2330 1921 2381 quam
1971 2329 2098 2366 suae

194 2397 455 2452 Ecclesiae
494 2399 766 2451 unitatem
806 2404 860 2450 et
897 2399 1148 2451 omnium
1188 2397 1439 2451 fidelium
1477 2401 1790 2452 auctoritati
1829 2415 1968 2466 quae
1996 2401 2099 2466 ipsi

196 2494 410 2554 praeest
447 2487 901 2554 submissionem3
945 2484 1087 2536 nihil
1125 2491 1206 2537 est
1241 2486 1391 2550 quod
1429 2486 1487 2535 in
1527 2487 1830 2553 praeteritis
1867 2487 2100 2539 saeculis

195 2573 483 2626 Pontifices
521 2578 575 2624 et
628 2573 874 2625 doctores
930 2571 1154 2638 puritati
1208 2571 1491 2623 doctrinae
1548 2586 1660 2623 non
1718 2586 1830 2623 esse
1886 2580 2102 2640 postpo-

198 2661 445 2713 nendum
485 2659 813 2713 censuerint.

270 2747 307 2797 E
348 2747 621 2799 contrario
659 2746 903 2813 pericula
941 2746 1301 2811 definitioniS,
1343 2747 1402 2797 in
1439 2746 1507 2797 iis
1545 2760 1682 2811 quae
1722 2745 1867 2814 ipsos
1918 2747 2102 2799 catho-

199 2834 331 2887 licos
368 2839 627 2900 spectant,
672 2849 821 2886 mere
860 2832 1197 2886 accidentalia
1234 2840 1374 2896 sunt,
1422 2839 1475 2885 et
1512 2848 1575 2885 ex
1610 2834 1728 2886 solo
1756 2834 1970 2887 defectu
2008 2835 2102 2886 de-

199 2921 342 2974 bitae
379 2918 764 2973 submissionis
821 2936 946 2986 erga
999 2919 1265 2973 Ecclesiae
1321 2921 1706 2972 auctoritatem
1764 2927 1897 2973 orta.
1963 2921 2101 2971 Sane

202 3005 435 3058 Ecclesia
471 3005 722 3059 infirmos
757 3008 816 3058 in
867 3007 975 3060 fide
1025 3012 1271 3060 materna
1318 3022 1446 3060 cum
1497 3006 1872 3059 misericordia
1923 3007 2094 3071 fovet;

202 3092 416 3159 sed‚ob
468 3107 659 3144 eorum
715 3093 1146 3146 inobedientiam
1186 3109 1217 3145 a
1253 3109 1383 3146 suae
1421 3093 1757 3145 auctoritatis
1816 3093 2101 3145 confirma-

204 3179 352 3230 tione
389 3178 660 3230 abstinere
698 3179 903 3244 nequit,
950 3185 1002 3230 et
1053 3179 1118 3232 ab
1168 3179 1284 3246 ipso
1331 3178 1541 3230 Christo
1593 3179 1784 3230 edocta
1836 3184 1930 3239 est,
1988 3192 2097 3240 805,

204 3264 300 3329 qui
339 3264 518 3330 ipsam
557 3278 667 3315 non
707 3264 941 3315 audiunt
975 3269 1039 3316 ut
1075 3264 1326 3317 ethnicos
1366 3270 1420 3317 et
1459 3265 1781 3332 publicanos
1819 3264 2035 3315 habere.

274 3346 322 3416 e)
358 3349 637 3402 Praeterea
674 3350 910 3402 maxima
947 3366 1008 3402 ex
1046 3350 1135 3409 his
1185 3348 1441 3419 periculis
1493 3356 1619 3402 sunt
1670 3366 1885 3418 prorsus
1937 3348 2103 3400 volun-

205 3435 362 3493 taria,
402 3439 456 3484 et
490 3433 602 3487 fere
638 3435 799 3487 unice
839 3449 899 3486 ex
937 3433 1254 3502 pontificiae
1293 3436 1630 3488 auctoritatis
1669 3434 2101 3508 adversariorum

201 3517 627 3596 sophismatibus
676 3526 729 3572 et
784 3517 946 3575 malis
994 3521 1201 3574 artibus
1250 3522 1517 3574 oriuntur.
1574 3521 1629 3572 Si
1678 3520 1826 3573 enim
1877 3518 1943 3570 ad
1995 3517 2100 3581 hoc
