2488 4290
470 274 554 326 162

473 387 863 451 praeservativa
901 403 931 438 a
967 387 1190 454 peccatis
1230 395 1648 456 nuncupantur,
1717 388 1822 443 nisi
1861 393 2216 444 commutatio
2255 388 2338 444 fu-

473 481 592 526 tura
628 474 902 525 iudicetur
939 475 1246 539 eiusmodi,
1307 482 1367 525 ut
1405 492 1512 526 non
1552 479 1737 530 minus
1773 494 1803 529 a
1838 485 2053 544 peccato
2094 480 2343 530 commit-

472 561 632 612 tendo
671 559 978 621 refraenet,
1041 575 1203 624 quam
1264 562 1413 626 prior
1466 563 1579 612 voti
1617 562 1878 632 materia),
1921 565 1975 614 in
2015 564 2125 615 alia
2161 565 2251 630 pia
2290 571 2342 615 et

471 646 728 698 salutaria
764 661 926 712 (pera
951 646 1315 711 dispensando
1349 653 1702 709 commutare,
1747 649 1997 700 iniuncta
2035 657 2214 700 tamen
2242 651 2338 716 eie,

473 739 524 783 et
563 747 751 783 eorum
788 731 1015 783 cuilibet
1051 732 1108 781 in
1148 731 1476 797 supradictis
1517 733 1770 784 omnibus
1825 736 2163 799 poenitentia
2198 735 2340 827 salu

474 819 593 882 tari,
636 817 868 883 aliisque
908 816 1152 867 eiusdem
1192 816 1509 867 Confessarii
1548 818 1770 870 arbitrio
1810 820 2174 885 iniungendis.
2233 874 2237 878 ,

543 903 898 955 Concedimus
933 903 1154 969 insuper
1189 900 1496 954 facultatem
1534 904 1884 970 dispensandi
1937 921 2100 972 super
2135 907 2346 971 irregu-

473 988 686 1040 laritate
749 1004 810 1039 ex
861 987 1153 1038 violatione
1191 989 1549 1039 Censurarum
1610 997 1914 1056 contracta,
1971 999 2240 1057 quatenus
2277 993 2346 1044 ad

473 1078 653 1127 forum
693 1081 970 1126 externum
1010 1090 1120 1124 non
1160 1075 1231 1125 sit
1283 1074 1512 1126 deducta
1567 1074 1653 1125 vel
1707 1077 1772 1127 de
1821 1075 1972 1127 facili
2010 1078 2340 1130 deducenda.

474 1165 587 1216 Non
627 1161 962 1213 intendimus
999 1167 1180 1211 autem
1217 1175 1315 1227 per
1350 1167 1658 1227 praesentes
1703 1178 1868 1228 super
1906 1163 2012 1214 alia
2047 1165 2238 1230 quavis
2273 1165 2348 1216 ir-

474 1247 814 1314 regularitate
852 1246 961 1297 sive
1001 1261 1061 1297 ex
1098 1243 1312 1312 delictO,
1355 1247 1468 1298 sive
1508 1261 1567 1297 ex
1604 1247 1831 1314 defectu,
1874 1248 1959 1300 vel
1995 1247 2234 1316 publica,
2261 1249 2348 1302 vel

474 1334 715 1395 occulta,
785 1338 877 1383 aut
935 1337 1099 1396 nota,
1164 1331 1378 1397 aliaque
1415 1333 1808 1401 incapacitate,
1874 1342 1966 1385 aut
2003 1335 2348 1387 inhabilitate

474 1419 863 1485 quoquomodo
901 1423 1171 1469 contracta
1209 1417 1518 1484 dispensare
1542 1459 1559 1484 ,
1621 1417 1706 1470 vel
1756 1419 1999 1486 aliquam
2035 1419 2348 1472 facultatem

478 1506 717 1556 tribuere
755 1520 918 1570 super
954 1504 1262 1569 praemissis
1302 1504 1687 1570 dispensandi,
1747 1520 1842 1556 seu
1880 1505 2237 1569 habilitandi,
2297 1513 2350 1558 et

476 1591 533 1641 in
570 1592 868 1657 pristinum
905 1596 1106 1641 statum
1142 1591 1476 1652 restituendi,
1523 1592 1690 1641 etiam
1722 1592 1779 1641 in
1812 1591 1928 1642 soro
1965 1592 2342 1656 conscientiae,

476 1691 646 1741 neque
684 1677 843 1728 etiam
881 1677 1136 1740 derogare
1175 1675 1558 1726 Constitutioni
1616 1691 1742 1727 cum
1797 1677 2055 1743 appositis
2117 1676 2352 1729 declara-

476 1763 719 1813 tionibus
758 1763 934 1815 editae
995 1777 1025 1812 a
1085 1760 1171 1811 sel.
1234 1777 1339 1813 rec.
1404 1762 1688 1814 Benedicto
1727 1762 1870 1824 XIV,
1937 1763 2350 1814 Praedecessore

477 1847 685 1911 NostrO,
730 1850 1100 1900 Sacramentum
1127 1849 1469 1910 Poenitentiae,
1513 1848 1695 1913 quoad
1732 1846 2139 1901 inhabilitatem
2177 1848 2353 1901 absol-

478 2174 807 2232 preservativi
838 2173 918 2219 dai
948 2173 1167 2231 peccati3
1215 2185 1268 2219 se
1314 2185 1440 2231 pure
1484 2173 1533 2218 la
1578 2172 1974 2219 commutazione
2005 2173 2096 2220 che
2127 2174 2169 2220 si
2197 2172 2353 2221 faccia

478 2261 580 2294 non
613 2249 654 2294 si
686 2248 915 2307 giudichi
943 2248 1043 2294 tale
1074 2247 1165 2293 che
1194 2259 1339 2305 possa
1369 2247 1574 2294 ritrarre
1605 2248 1685 2293 dal
1717 2247 2036 2294 commettere
2066 2248 2101 2293 il
2130 2248 2351 2307 peccate,

480 2335 582 2369 non
614 2335 762 2369 meno
792 2322 884 2368 che
914 2323 962 2366 la
994 2322 1157 2379 prima
1186 2321 1397 2367 materia
1429 2321 1507 2367 del
1538 2321 1670 2367 vot0.
1713 2322 1772 2366 In
1802 2321 1925 2367 tutti
1946 2322 1964 2366 i
1985 2322 2121 2380 quali
2150 2322 2252 2368 casi
2280 2334 2355 2368 so-

479 2396 728 2455 praddetti
773 2397 816 2442 si
857 2397 979 2443 deve
1025 2396 1338 2454 ing-iungere
1369 2407 1398 2440 a
1429 2396 1591 2441 coloro
1634 2395 1725 2442 che
1766 2396 1808 2440 si
1839 2395 2077 2452 vogliono
2122 2396 2354 2443 avvalere

480 2471 604 2517 delle
634 2470 857 2528 predette
889 2469 1214 2527 concessioni,
1249 2469 1310 2514 ed
1341 2481 1372 2514 a
1402 2469 1637 2518 ciascuno
1668 2469 1718 2514 di
1750 2468 1844 2515 essi
1874 2470 1923 2514 la
1954 2470 2172 2515 salutare
2218 2470 2356 2527 peni-

479 2547 642 2603 tenza,
675 2545 737 2591 ed
768 2544 892 2590 altre
923 2555 1068 2601 opere
1100 2542 1190 2588 che
1222 2554 1344 2589 sono
1374 2542 1578 2588 lasciate
1618 2542 1912 2589 all’arbitrio
1950 2543 2027 2588 del
2058 2543 2351 2590 confessore.

537 2618 868 2665 Concediamo
912 2618 1092 2663 inoltre
1137 2618 1186 2662 la
1228 2616 1411 2664 facolta
1457 2617 1507 2662 di
1554 2617 1842 2675 dispensare
1878 2617 2010 2663 dalla
2039 2617 2357 2675 irregolarita

480 2692 733 2739 eontratta
762 2705 851 2751 per
879 2692 930 2738 la
958 2691 1233 2738 violazione
1264 2692 1389 2738 delle
1420 2703 1646 2751 censure,
1679 2691 1870 2750 purche
1900 2692 1949 2737 la
1978 2703 2131 2738 causa
2150 2703 2253 2736 non
2283 2690 2358 2737 sia

478 2766 610 2813 stata
640 2766 842 2813 dedotta
871 2768 918 2811 al
949 2766 1053 2811 foro
1083 2765 1300 2824 esterno,
1333 2777 1362 2811 o
1395 2778 1499 2811 non
1529 2766 1604 2811 sia
1633 2765 1777 2812 facile
1808 2767 1873 2812 ad
1902 2765 2088 2813 esservi
2135 2764 2354 2811 dedotta.

481 2833 591 2886 Non
608 2840 930 2887 intendiamo
961 2839 1098 2898 pero,
1121 2841 1195 2886 col
1227 2840 1400 2886 tenore
1422 2840 1545 2886 delle
1567 2840 1805 2898 presenti,
1830 2840 2101 2887 concedere
2125 2839 2358 2897 dispensa

482 2926 569 2971 per
600 2915 934 2974 qualsivoglia
964 2913 1092 2960 altra
1120 2913 1455 2973 irregolarita,
1498 2914 1781 2972 provenuta
1811 2927 1866 2961 or
1896 2915 1960 2960 da
1990 2913 2178 2973 delitto,
2211 2925 2266 2959 or
2297 2913 2360 2958 da

483 2977 780 3047 difett0,‘sia
809 3001 919 3036 essa
962 2988 1214 3047 pubblica,
1258 3000 1442 3054 ovvero
1484 2989 1695 3048 occulta,
1743 3001 1927 3036 ovvero
1969 2987 2117 3047 nota3
2163 2986 2229 3034 ne
2271 2997 2359 3044 per

481 3063 818 3122 qualsivoglia
847 3063 976 3109 altra
1003 3062 1288 3120 incapacita
1330 3063 1392 3109 od
1430 3062 1661 3110 inabilita
1691 3074 1829 3109 come
1860 3062 1951 3109 che
1983 3063 2056 3108 sia
2087 3061 2357 3119 contratta,

458 3136 550 3183 -ne
568 3131 668 3183 'dar
698 3137 878 3184 facolta
909 3138 958 3182 di
979 3137 1277 3194 dispensare
1308 3149 1454 3195 sopra
1483 3139 1529 3183 le
1559 3137 1783 3196 predette
1822 3149 1950 3196 cose,
1983 3149 2012 3182 o
2042 3136 2093 3182 di
2133 3135 2360 3182 abilitare

483 3223 510 3256 e
539 3206 836 3258 richiamare
866 3211 1155 3257 nell’antico
1185 3210 1333 3268 statO,
1366 3211 1526 3257 anche
1543 3212 1638 3257 nel
1669 3210 1775 3257 foro
1807 3210 1934 3256 della
1965 3210 2252 3267 coscienza3
2294 3207 2360 3254 ne

481 3285 713 3342 tampoco
743 3285 794 3330 di
822 3284 1064 3343 derogare
1095 3286 1192 3331 alla
1224 3284 1560 3332 Oostituzione
1590 3286 1712 3331 colle
1742 3296 1954 3330 annesse
1985 3281 2358 3340 dichiarazioni,

483 3359 806 3416 promulgata
835 3352 965 3404 dalla
994 3359 1132 3406 felice
1162 3360 1401 3405 memoria
1432 3359 1484 3404 di
1514 3358 1786 3406 Benedetto
1816 3356 1933 3402 XIV
1978 3358 2149 3403 nostro
2189 3354 2361 3415 predee

483 3444 690 3492 cessore,
732 3432 823 3480 che
868 3433 1141 3479 comincia:
1190 3432 1560 3480 Sacrawwntum
1581 3431 1918 3491 poenitentiae,
1951 3431 2005 3476 in
2036 3430 2228 3490 quanto
2263 3429 2361 3476 alla

483 3506 713 3557 inabilita
743 3507 794 3553 di
824 3506 1069 3554 assolvere
1097 3502 1131 3553 il
1162 3506 1419 3565 complice,
1450 3508 1510 3554 ed
1541 3508 1594 3553 in
1634 3505 1825 3566 quanto
1873 3505 1968 3552 alla
2009 3503 2359 3562 obbligazione

1476 3725 1490 3751 t
