<?xml version="1.0" encoding="UTF-8"?>
<!DOCTYPE html PUBLIC "-//W3C//DTD XHTML 1.0 Transitional//EN"
    "http://www.w3.org/TR/xhtml1/DTD/xhtml1-transitional.dtd">
<html xmlns="http://www.w3.org/1999/xhtml" xml:lang="en" lang="en">
 <head>
  <title>
</title>
<meta http-equiv="Content-Type" content="text/html;charset=utf-8" />
  <meta name='ocr-system' content='tesseract 3.04.00' />
  <meta name='ocr-capabilities' content='ocr_page ocr_carea ocr_par ocr_line ocrx_word'/>
</head>
<body>
  <div class='ocr_page' id='page_1' title='image "a611569200vatiuoft_0346.png"; bbox 0 0 2488 4290; ppageno 0'>
   <div class='ocr_carea' id='block_1_1' title="bbox 301 297 391 344">
    <p class='ocr_par' dir='ltr' id='par_1_1' title="bbox 301 297 391 344">
     <span class='ocr_line' id='line_1_1' title="bbox 301 297 391 344; baseline -0.022 0"><span class='ocrx_word' id='word_1_1' title='bbox 301 297 391 344; x_wconf 79' lang='lat'>340</span> 
     </span>
    </p>
   </div>
   <div class='ocr_carea' id='block_1_2' title="bbox 301 398 2244 1927">
    <p class='ocr_par' dir='ltr' id='par_1_2' title="bbox 301 398 2210 623">
     <span class='ocr_line' id='line_1_2' title="bbox 304 398 2208 466; baseline 0.002 -13"><span class='ocrx_word' id='word_1_2' title='bbox 304 409 357 453; x_wconf 88' lang='lat' dir='ltr'>et</span> <span class='ocrx_word' id='word_1_3' title='bbox 394 405 642 453; x_wconf 83' lang='lat' dir='ltr'>centrum</span> <span class='ocrx_word' id='word_1_4' title='bbox 679 400 1090 466; x_wconf 83' lang='lat' dir='ltr'>quodammodo</span> <span class='ocrx_word' id='word_1_5' title='bbox 1130 398 1456 451; x_wconf 81' lang='lat' dir='ltr'>universalis</span> <span class='ocrx_word' id='word_1_6' title='bbox 1496 401 1860 466; x_wconf 87' lang='lat' dir='ltr'>concordiae,</span> <span class='ocrx_word' id='word_1_7' title='bbox 1912 402 2055 455; x_wconf 88' lang='lat' dir='ltr'>nihil</span> <span class='ocrx_word' id='word_1_8' title='bbox 2090 419 2208 456; x_wconf 89' lang='lat' dir='ltr'>am-</span> 
     </span>
     <span class='ocr_line' id='line_1_3' title="bbox 301 470 2210 552; baseline 0.001 -13"><span class='ocrx_word' id='word_1_9' title='bbox 301 470 526 539; x_wconf 80' lang='lat' dir='ltr'>bitionis</span> <span class='ocrx_word' id='word_1_10' title='bbox 563 486 843 538; x_wconf 88' lang='lat' dir='ltr'>humanae</span> <span class='ocrx_word' id='word_1_11' title='bbox 882 486 1131 552; x_wconf 81' lang='lat' dir='ltr'>spirans,</span> <span class='ocrx_word' id='word_1_12' title='bbox 1197 484 1343 535; x_wconf 86' lang='lat' dir='ltr'>nihil</span> <span class='ocrx_word' id='word_1_13' title='bbox 1403 501 1504 551; x_wconf 89' lang='lat' dir='ltr'>pro</span> <span class='ocrx_word' id='word_1_14' title='bbox 1570 491 1787 537; x_wconf 86' lang='lat' dir='ltr'>terrena</span> <span class='ocrx_word' id='word_1_15' title='bbox 1826 487 2210 540; x_wconf 81' lang='lat' dir='ltr'>dominatione</span> 
     </span>
     <span class='ocr_line' id='line_1_4' title="bbox 303 560 2168 623; baseline 0.004 -3"><span class='ocrx_word' id='word_1_16' title='bbox 303 571 577 623; x_wconf 86' lang='lat' dir='ltr'>moliens?</span> <span class='ocrx_word' id='word_1_17' title='bbox 2166 560 2168 562; x_wconf 12' lang='lat' dir='ltr'>V</span> 
     </span>
    </p>

    <p class='ocr_par' dir='ltr' id='par_1_3' title="bbox 302 643 2220 979">
     <span class='ocr_line' id='line_1_5' title="bbox 372 643 2220 725; baseline 0.002 -18"><span class='ocrx_word' id='word_1_18' title='bbox 372 657 449 708; x_wconf 82' lang='lat' dir='ltr'>Ad</span> <span class='ocrx_word' id='word_1_19' title='bbox 487 656 725 708; x_wconf 72' lang='lat' dir='ltr'>liberum</span> <span class='ocrx_word' id='word_1_20' title='bbox 755 670 895 720; x_wconf 25' lang='lat' dir='ltr'>(ergo</span> <span class='ocrx_word' id='word_1_21' title='bbox 933 653 1257 706; x_wconf 82' lang='lat' dir='ltr'>Pontificem</span> <span class='ocrx_word' id='word_1_22' title='bbox 1294 653 1494 725; x_wconf 77' lang='lat' dir='ltr'>Regem</span> <span class='ocrx_word' id='word_1_23' title='bbox 1545 655 1800 706; x_wconf 77' lang='lat' dir='ltr'>venimus</span> <span class='ocrx_word' id='word_1_24' title='bbox 1859 655 2056 718; x_wconf 74' lang='lat' dir='ltr'>liberi,</span> <span class='ocrx_word' id='word_1_25' title='bbox 2120 643 2220 710; x_wconf 63' lang='lat' dir='ltr'>130-ss</span> 
     </span>
     <span class='ocr_line' id='line_1_6' title="bbox 303 733 2210 806; baseline 0.001 -12"><span class='ocrx_word' id='word_1_26' title='bbox 303 741 498 794; x_wconf 87' lang='lat' dir='ltr'>clesiae</span> <span class='ocrx_word' id='word_1_27' title='bbox 538 742 702 794; x_wconf 90' lang='lat' dir='ltr'>rebus</span> <span class='ocrx_word' id='word_1_28' title='bbox 740 746 931 806; x_wconf 82' lang='lat' dir='ltr'>utpote</span> <span class='ocrx_word' id='word_1_29' title='bbox 970 739 1215 795; x_wconf 80' lang='lat' dir='ltr'>Pastores</span> <span class='ocrx_word' id='word_1_30' title='bbox 1241 780 1252 800; x_wconf 93' lang='lat'>‚</span> <span class='ocrx_word' id='word_1_31' title='bbox 1325 744 1378 790; x_wconf 86' lang='lat' dir='ltr'>et</span> <span class='ocrx_word' id='word_1_32' title='bbox 1414 739 1624 806; x_wconf 85' lang='lat' dir='ltr'>patriae</span> <span class='ocrx_word' id='word_1_33' title='bbox 1664 733 1855 806; x_wconf 88' lang='lat' dir='ltr'>utpote</span> <span class='ocrx_word' id='word_1_34' title='bbox 1893 741 2034 794; x_wconf 87' lang='lat' dir='ltr'>cives</span> <span class='ocrx_word' id='word_1_35' title='bbox 2070 743 2210 796; x_wconf 89' lang='lat' dir='ltr'>bene</span> 
     </span>
     <span class='ocr_line' id='line_1_7' title="bbox 302 824 2214 893; baseline 0.001 -14"><span class='ocrx_word' id='word_1_36' title='bbox 302 834 354 879; x_wconf 90' lang='lat' dir='ltr'>et</span> <span class='ocrx_word' id='word_1_37' title='bbox 391 842 574 893; x_wconf 24' lang='lat' dir='ltr'>aeque„</span> <span class='ocrx_word' id='word_1_38' title='bbox 603 824 969 887; x_wconf 79' lang='lat' dir='ltr'>consulenteS,</span> <span class='ocrx_word' id='word_1_39' title='bbox 1016 838 1194 888; x_wconf 87' lang='lat' dir='ltr'>neque</span> <span class='ocrx_word' id='word_1_40' title='bbox 1233 824 1541 890; x_wconf 85' lang='lat' dir='ltr'>Pastorum,</span> <span class='ocrx_word' id='word_1_41' title='bbox 1584 839 1761 891; x_wconf 84' lang='lat' dir='ltr'>neque</span> <span class='ocrx_word' id='word_1_42' title='bbox 1800 826 1999 878; x_wconf 88' lang='lat' dir='ltr'>civium</span> <span class='ocrx_word' id='word_1_43' title='bbox 2041 829 2214 880; x_wconf 84' lang='lat' dir='ltr'>officia</span> 
     </span>
     <span class='ocr_line' id='line_1_8' title="bbox 303 912 711 979; baseline -0.005 -15"><span class='ocrx_word' id='word_1_44' title='bbox 303 912 711 979; x_wconf 84' lang='lat' dir='ltr'>posthabentes.</span> 
     </span>
    </p>

    <p class='ocr_par' dir='ltr' id='par_1_4' title="bbox 302 992 2244 1927">
     <span class='ocr_line' id='line_1_9' title="bbox 349 992 2226 1062; baseline 0.001 -13"><span class='ocrx_word' id='word_1_45' title='bbox 349 999 518 1057; x_wconf 82' lang='lat' dir='ltr'>.Quae</span> <span class='ocrx_word' id='word_1_46' title='bbox 558 1011 684 1047; x_wconf 92' lang='lat' dir='ltr'>cum</span> <span class='ocrx_word' id='word_1_47' title='bbox 722 992 800 1045; x_wconf 82' lang='lat' dir='ltr'>ita</span> <span class='ocrx_word' id='word_1_48' title='bbox 838 995 985 1058; x_wconf 90' lang='lat' dir='ltr'>sint,</span> <span class='ocrx_word' id='word_1_49' title='bbox 1049 995 1309 1060; x_wconf 86' lang='lat' dir='ltr'>quisnam</span> <span class='ocrx_word' id='word_1_50' title='bbox 1365 995 1739 1062; x_wconf 86' lang='lat' dir='ltr'>principatum</span> <span class='ocrx_word' id='word_1_51' title='bbox 1777 995 1939 1048; x_wconf 91' lang='lat' dir='ltr'>illum</span> <span class='ocrx_word' id='word_1_52' title='bbox 1979 1004 2086 1050; x_wconf 92' lang='lat' dir='ltr'>tam</span> <span class='ocrx_word' id='word_1_53' title='bbox 2112 1003 2226 1058; x_wconf 23' lang='lat' dir='ltr'>&#39;ve-s</span> 
     </span>
     <span class='ocr_line' id='line_1_10' title="bbox 309 1080 2208 1149; baseline 0.001 -15"><span class='ocrx_word' id='word_1_54' title='bbox 309 1090 493 1145; x_wconf 84' lang='lat' dir='ltr'>terem,</span> <span class='ocrx_word' id='word_1_55' title='bbox 541 1086 692 1132; x_wconf 86' lang='lat' dir='ltr'>tauta</span> <span class='ocrx_word' id='word_1_56' title='bbox 731 1080 1059 1131; x_wconf 86' lang='lat' dir='ltr'>auctoritate</span> <span class='ocrx_word' id='word_1_57' title='bbox 1081 1118 1097 1144; x_wconf 92' lang='lat'>,</span> <span class='ocrx_word' id='word_1_58' title='bbox 1143 1086 1197 1130; x_wconf 91' lang='lat' dir='ltr'>et</span> <span class='ocrx_word' id='word_1_59' title='bbox 1235 1085 1384 1131; x_wconf 82' lang='lat' dir='ltr'>tanta</span> <span class='ocrx_word' id='word_1_60' title='bbox 1420 1081 1761 1133; x_wconf 84' lang='lat' dir='ltr'>necessitatis</span> <span class='ocrx_word' id='word_1_61' title='bbox 1798 1082 1850 1133; x_wconf 90' lang='lat' dir='ltr'>vi</span> <span class='ocrx_word' id='word_1_62' title='bbox 1887 1083 2170 1135; x_wconf 87' lang='lat' dir='ltr'>conditum</span> <span class='ocrx_word' id='word_1_63' title='bbox 2191 1123 2208 1149; x_wconf 88' lang='lat'>,</span> 
     </span>
     <span class='ocr_line' id='line_1_11' title="bbox 306 1160 2214 1237; baseline 0.002 -19"><span class='ocrx_word' id='word_1_64' title='bbox 306 1168 506 1219; x_wconf 82' lang='lat' dir='ltr'>audeat</span> <span class='ocrx_word' id='word_1_65' title='bbox 542 1160 920 1232; x_wconf 80' lang='lat' dir='ltr'>impugnare?</span> <span class='ocrx_word' id='word_1_66' title='bbox 959 1163 1073 1230; x_wconf 86' lang='lat' dir='ltr'>Cui,</span> <span class='ocrx_word' id='word_1_67' title='bbox 1114 1166 1162 1216; x_wconf 87' lang='lat' dir='ltr'>si</span> <span class='ocrx_word' id='word_1_68' title='bbox 1200 1163 1287 1217; x_wconf 90' lang='lat' dir='ltr'>vel</span> <span class='ocrx_word' id='word_1_69' title='bbox 1325 1165 1415 1217; x_wconf 89' lang='lat' dir='ltr'>ius</span> <span class='ocrx_word' id='word_1_70' title='bbox 1442 1164 1603 1230; x_wconf 91' lang='lat' dir='ltr'>illud</span> <span class='ocrx_word' id='word_1_71' title='bbox 1640 1167 1965 1231; x_wconf 89' lang='lat' dir='ltr'>humanum,</span> <span class='ocrx_word' id='word_1_72' title='bbox 2009 1168 2066 1226; x_wconf 92' lang='lat' dir='ltr'>in</span> <span class='ocrx_word' id='word_1_73' title='bbox 2104 1183 2214 1237; x_wconf 87' lang='lat' dir='ltr'>quo</span> 
     </span>
     <span class='ocr_line' id='line_1_12' title="bbox 302 1245 2215 1320; baseline 0.001 -16"><span class='ocrx_word' id='word_1_74' title='bbox 302 1245 481 1320; x_wconf 82' lang='lat' dir='ltr'>posi&#39;ta</span> <span class='ocrx_word' id='word_1_75' title='bbox 519 1256 596 1302; x_wconf 90' lang='lat' dir='ltr'>est</span> <span class='ocrx_word' id='word_1_76' title='bbox 633 1250 950 1317; x_wconf 88' lang='lat' dir='ltr'>principum</span> <span class='ocrx_word' id='word_1_77' title='bbox 990 1251 1255 1302; x_wconf 84' lang='lat' dir='ltr'>securitas</span> <span class='ocrx_word' id='word_1_78' title='bbox 1291 1250 1736 1318; x_wconf 85' lang='lat' dir='ltr'>populorumque</span> <span class='ocrx_word' id='word_1_79' title='bbox 1773 1251 1998 1305; x_wconf 82' lang='lat' dir='ltr'>libertas</span> <span class='ocrx_word' id='word_1_80' title='bbox 2036 1259 2215 1306; x_wconf 86' lang='lat' dir='ltr'>atten-</span> 
     </span>
     <span class='ocr_line' id='line_1_13' title="bbox 306 1334 2212 1404; baseline 0.001 -15"><span class='ocrx_word' id='word_1_81' title='bbox 306 1340 491 1400; x_wconf 84' lang='lat' dir='ltr'>datur,</span> <span class='ocrx_word' id='word_1_82' title='bbox 559 1350 832 1402; x_wconf 85' lang='lat' dir='ltr'>quaenam</span> <span class='ocrx_word' id='word_1_83' title='bbox 872 1334 983 1386; x_wconf 91' lang='lat' dir='ltr'>alia</span> <span class='ocrx_word' id='word_1_84' title='bbox 1021 1342 1260 1401; x_wconf 89' lang='lat' dir='ltr'>potestas</span> <span class='ocrx_word' id='word_1_85' title='bbox 1298 1337 1472 1402; x_wconf 87' lang='lat' dir='ltr'>possit</span> <span class='ocrx_word' id='word_1_86' title='bbox 1509 1337 1847 1404; x_wconf 86' lang='lat' dir='ltr'>comparari?</span> <span class='ocrx_word' id='word_1_87' title='bbox 1901 1338 2047 1398; x_wconf 82' lang='lat' dir='ltr'>Quae</span> <span class='ocrx_word' id='word_1_88' title='bbox 2101 1344 2212 1391; x_wconf 89' lang='lat' dir='ltr'>tam</span> 
     </span>
     <span class='ocr_line' id='line_1_14' title="bbox 303 1422 2215 1488; baseline 0.002 -15"><span class='ocrx_word' id='word_1_89' title='bbox 303 1422 629 1474; x_wconf 80' lang='lat' dir='ltr'>venerabilis</span> <span class='ocrx_word' id='word_1_90' title='bbox 671 1427 722 1473; x_wconf 88' lang='lat' dir='ltr'>et</span> <span class='ocrx_word' id='word_1_91' title='bbox 759 1427 1011 1474; x_wconf 71' lang='lat' dir='ltr'>sancta?</span> <span class='ocrx_word' id='word_1_92' title='bbox 1043 1423 1189 1483; x_wconf 83' lang='lat' dir='ltr'>Quae</span> <span class='ocrx_word' id='word_1_93' title='bbox 1229 1422 1341 1473; x_wconf 90' lang='lat' dir='ltr'>sive</span> <span class='ocrx_word' id='word_1_94' title='bbox 1379 1422 1625 1488; x_wconf 87' lang='lat' dir='ltr'>pristinis</span> <span class='ocrx_word' id='word_1_95' title='bbox 1664 1424 1779 1474; x_wconf 91' lang='lat' dir='ltr'>sive</span> <span class='ocrx_word' id='word_1_96' title='bbox 1815 1425 2215 1477; x_wconf 84' lang='lat' dir='ltr'>recentioribus</span> 
     </span>
     <span class='ocr_line' id='line_1_15' title="bbox 304 1506 2234 1574; baseline 0.001 -15"><span class='ocrx_word' id='word_1_97' title='bbox 304 1508 540 1560; x_wconf 86' lang='lat' dir='ltr'>saeculis</span> <span class='ocrx_word' id='word_1_98' title='bbox 579 1508 901 1559; x_wconf 88' lang='lat' dir='ltr'>monarchia</span> <span class='ocrx_word' id='word_1_99' title='bbox 937 1507 1024 1560; x_wconf 85' lang='lat' dir='ltr'>vel</span> <span class='ocrx_word' id='word_1_100' title='bbox 1063 1506 1375 1574; x_wconf 85' lang='lat' dir='ltr'>respublica</span> <span class='ocrx_word' id='word_1_101' title='bbox 1411 1507 1631 1560; x_wconf 89' lang='lat' dir='ltr'>iuribus</span> <span class='ocrx_word' id='word_1_102' title='bbox 1659 1514 1770 1559; x_wconf 90' lang='lat' dir='ltr'>tam</span> <span class='ocrx_word' id='word_1_103' title='bbox 1803 1509 2234 1574; x_wconf 36' lang='lat' dir='ltr'>augustiatam,</span> 
     </span>
     <span class='ocr_line' id='line_1_16' title="bbox 305 1589 2214 1660; baseline 0 -16"><span class='ocrx_word' id='word_1_104' title='bbox 305 1593 571 1659; x_wconf 78' lang='lat' dir='ltr'>antiquiS,</span> <span class='ocrx_word' id='word_1_105' title='bbox 637 1598 750 1643; x_wconf 90' lang='lat' dir='ltr'>tam</span> <span class='ocrx_word' id='word_1_106' title='bbox 789 1591 1203 1644; x_wconf 86' lang='lat' dir='ltr'>inviolabilibus</span> <span class='ocrx_word' id='word_1_107' title='bbox 1240 1591 1410 1660; x_wconf 87' lang='lat' dir='ltr'>possit</span> <span class='ocrx_word' id='word_1_108' title='bbox 1446 1589 1724 1657; x_wconf 79' lang='lat' dir='ltr'>gloriari?</span> <span class='ocrx_word' id='word_1_109' title='bbox 1761 1593 1908 1654; x_wconf 83' lang='lat' dir='ltr'>Quae</span> <span class='ocrx_word' id='word_1_110' title='bbox 1946 1594 2133 1647; x_wconf 89' lang='lat' dir='ltr'>omnia</span> <span class='ocrx_word' id='word_1_111' title='bbox 2168 1593 2214 1646; x_wconf 87' lang='lat' dir='ltr'>si</span> 
     </span>
     <span class='ocr_line' id='line_1_17' title="bbox 307 1677 2244 1747; baseline 0.001 -17"><span class='ocrx_word' id='word_1_112' title='bbox 307 1678 476 1731; x_wconf 87' lang='lat' dir='ltr'>semel</span> <span class='ocrx_word' id='word_1_113' title='bbox 516 1683 569 1728; x_wconf 90' lang='lat' dir='ltr'>et</span> <span class='ocrx_word' id='word_1_114' title='bbox 605 1677 662 1726; x_wconf 90' lang='lat' dir='ltr'>in</span> <span class='ocrx_word' id='word_1_115' title='bbox 703 1677 807 1728; x_wconf 92' lang='lat' dir='ltr'>hac</span> <span class='ocrx_word' id='word_1_116' title='bbox 845 1678 1044 1730; x_wconf 87' lang='lat' dir='ltr'>Sancta</span> <span class='ocrx_word' id='word_1_117' title='bbox 1083 1677 1219 1729; x_wconf 89' lang='lat' dir='ltr'>Sede</span> <span class='ocrx_word' id='word_1_118' title='bbox 1259 1677 1511 1744; x_wconf 87' lang='lat' dir='ltr'>despecta</span> <span class='ocrx_word' id='word_1_119' title='bbox 1550 1683 1716 1745; x_wconf 89' lang='lat' dir='ltr'>atque</span> <span class='ocrx_word' id='word_1_120' title='bbox 1753 1677 2062 1747; x_wconf 88' lang='lat' dir='ltr'>proculcata</span> <span class='ocrx_word' id='word_1_121' title='bbox 2095 1679 2244 1732; x_wconf 59' lang='lat' dir='ltr'>fue-</span> 
     </span>
     <span class='ocr_line' id='line_1_18' title="bbox 303 1756 2214 1832; baseline 0 -15"><span class='ocrx_word' id='word_1_122' title='bbox 303 1767 425 1828; x_wconf 83' lang='lat' dir='ltr'>rint,</span> <span class='ocrx_word' id='word_1_123' title='bbox 470 1762 726 1828; x_wconf 89' lang='lat' dir='ltr'>quisnam</span> <span class='ocrx_word' id='word_1_124' title='bbox 763 1762 850 1815; x_wconf 91' lang='lat' dir='ltr'>vel</span> <span class='ocrx_word' id='word_1_125' title='bbox 888 1764 1143 1831; x_wconf 88' lang='lat' dir='ltr'>princeps</span> <span class='ocrx_word' id='word_1_126' title='bbox 1182 1763 1248 1816; x_wconf 89' lang='lat' dir='ltr'>de</span> <span class='ocrx_word' id='word_1_127' title='bbox 1287 1777 1484 1827; x_wconf 80' lang='lat' dir='ltr'>regnO,</span> <span class='ocrx_word' id='word_1_128' title='bbox 1528 1761 1615 1815; x_wconf 89' lang='lat' dir='ltr'>vel</span> <span class='ocrx_word' id='word_1_129' title='bbox 1653 1764 1964 1832; x_wconf 86' lang='lat' dir='ltr'>respublica</span> <span class='ocrx_word' id='word_1_130' title='bbox 2000 1756 2068 1817; x_wconf 86' lang='lat' dir='ltr'>de</span> <span class='ocrx_word' id='word_1_131' title='bbox 2112 1771 2214 1818; x_wconf 86' lang='lat' dir='ltr'>ter-</span> 
     </span>
     <span class='ocr_line' id='line_1_19' title="bbox 304 1846 2210 1927; baseline 0 -25"><span class='ocrx_word' id='word_1_132' title='bbox 304 1852 495 1903; x_wconf 90' lang='lat' dir='ltr'>ritorio</span> <span class='ocrx_word' id='word_1_133' title='bbox 534 1852 743 1916; x_wconf 89' lang='lat' dir='ltr'>possint</span> <span class='ocrx_word' id='word_1_134' title='bbox 781 1865 898 1902; x_wconf 88' lang='lat' dir='ltr'>esse</span> <span class='ocrx_word' id='word_1_135' title='bbox 959 1846 1189 1904; x_wconf 86' lang='lat' dir='ltr'>securi?</span> <span class='ocrx_word' id='word_1_136' title='bbox 1249 1853 1421 1927; x_wconf 62' lang='lat' dir='ltr'>lirgO,</span> <span class='ocrx_word' id='word_1_137' title='bbox 1487 1849 1840 1902; x_wconf 88' lang='lat' dir='ltr'>Sanctissime</span> <span class='ocrx_word' id='word_1_138' title='bbox 1877 1850 2067 1914; x_wconf 87' lang='lat' dir='ltr'>Pater,</span> <span class='ocrx_word' id='word_1_139' title='bbox 2111 1866 2210 1918; x_wconf 87' lang='lat' dir='ltr'>pro</span> 
     </span>
    </p>
   </div>
   <div class='ocr_carea' id='block_1_3' title="bbox 218 1935 2248 2004">
    <p class='ocr_par' dir='ltr' id='par_1_5' title="bbox 218 1935 2248 2004">
     <span class='ocr_line' id='line_1_20' title="bbox 218 1935 2248 2004; baseline -0 -16"><span class='ocrx_word' id='word_1_140' title='bbox 218 1935 235 1973; x_wconf 78' lang='grc'>-’</span> <span class='ocrx_word' id='word_1_141' title='bbox 307 1937 578 2002; x_wconf 86' lang='lat' dir='ltr'>religione</span> <span class='ocrx_word' id='word_1_142' title='bbox 617 1937 883 2002; x_wconf 87' lang='lat' dir='ltr'>quidem,</span> <span class='ocrx_word' id='word_1_143' title='bbox 945 1936 1040 1989; x_wconf 88' lang='lat' dir='ltr'>sed</span> <span class='ocrx_word' id='word_1_144' title='bbox 1098 1942 1155 1988; x_wconf 87' lang='lat' dir='ltr'>et</span> <span class='ocrx_word' id='word_1_145' title='bbox 1203 1951 1301 2004; x_wconf 87' lang='lat' dir='ltr'>pro</span> <span class='ocrx_word' id='word_1_146' title='bbox 1340 1935 1592 2002; x_wconf 86' lang='lat' dir='ltr'>iustitia,</span> <span class='ocrx_word' id='word_1_147' title='bbox 1652 1935 2014 2002; x_wconf 85' lang='lat' dir='ltr'>iuribusque‚</span> <span class='ocrx_word' id='word_1_148' title='bbox 2074 1946 2248 2002; x_wconf 53' lang='lat' dir='ltr'>quae*</span> 
     </span>
    </p>
   </div>
   <div class='ocr_carea' id='block_1_4' title="bbox 303 2239 2225 2596">
    <p class='ocr_par' dir='ltr' id='par_1_6' title="bbox 303 2239 2225 2596">
     <span class='ocr_line' id='line_1_21' title="bbox 304 2239 2225 2300; baseline -0.002 -10"><span class='ocrx_word' id='word_1_149' title='bbox 304 2243 383 2290; x_wconf 90' lang='lat' dir='ltr'>del</span> <span class='ocrx_word' id='word_1_150' title='bbox 412 2242 547 2289; x_wconf 88' lang='lat' dir='ltr'>tutto</span> <span class='ocrx_word' id='word_1_151' title='bbox 576 2243 754 2289; x_wconf 83' lang='lat' dir='ltr'>franco</span> <span class='ocrx_word' id='word_1_152' title='bbox 786 2242 850 2288; x_wconf 87' lang='lat' dir='ltr'>da</span> <span class='ocrx_word' id='word_1_153' title='bbox 883 2241 1054 2288; x_wconf 87' lang='lat' dir='ltr'>diritto</span> <span class='ocrx_word' id='word_1_154' title='bbox 1086 2241 1257 2300; x_wconf 86' lang='lat' dir='ltr'>altrui,</span> <span class='ocrx_word' id='word_1_155' title='bbox 1291 2253 1318 2288; x_wconf 91' lang='lat' dir='ltr'>e</span> <span class='ocrx_word' id='word_1_156' title='bbox 1341 2240 1516 2288; x_wconf 91' lang='lat' dir='ltr'>centro</span> <span class='ocrx_word' id='word_1_157' title='bbox 1539 2240 1594 2286; x_wconf 91' lang='grc'>111</span> <span class='ocrx_word' id='word_1_158' title='bbox 1617 2240 1754 2288; x_wconf 87' lang='lat' dir='ltr'>certa</span> <span class='ocrx_word' id='word_1_159' title='bbox 1774 2239 1928 2300; x_wconf 82' lang='lat' dir='ltr'>guisa</span> <span class='ocrx_word' id='word_1_160' title='bbox 1949 2239 2079 2287; x_wconf 88' lang='lat' dir='ltr'>della</span> <span class='ocrx_word' id='word_1_161' title='bbox 2100 2239 2225 2286; x_wconf 89' lang='lat' dir='ltr'>uni-·</span> 
     </span>
     <span class='ocr_line' id='line_1_22' title="bbox 303 2305 2209 2375; baseline 0.001 -15"><span class='ocrx_word' id='word_1_162' title='bbox 303 2318 498 2365; x_wconf 85' lang='lat' dir='ltr'>versale</span> <span class='ocrx_word' id='word_1_163' title='bbox 530 2316 817 2375; x_wconf 90' lang='lat' dir='ltr'>concordia,</span> <span class='ocrx_word' id='word_1_164' title='bbox 851 2315 943 2363; x_wconf 91' lang='lat' dir='ltr'>che</span> <span class='ocrx_word' id='word_1_165' title='bbox 986 2329 1090 2363; x_wconf 92' lang='lat' dir='ltr'>non</span> <span class='ocrx_word' id='word_1_166' title='bbox 1131 2315 1343 2362; x_wconf 81' lang='lat' dir='ltr'>sentisse</span> <span class='ocrx_word' id='word_1_167' title='bbox 1385 2314 1528 2361; x_wconf 89' lang='lat' dir='ltr'>nulla</span> <span class='ocrx_word' id='word_1_168' title='bbox 1575 2314 1627 2361; x_wconf 92' lang='lat' dir='ltr'>di</span> <span class='ocrx_word' id='word_1_169' title='bbox 1672 2326 1865 2361; x_wconf 86' lang='lat' dir='ltr'>umana</span> <span class='ocrx_word' id='word_1_170' title='bbox 1910 2305 2209 2373; x_wconf 79' lang='lat' dir='ltr'>ambizione,</span> 
     </span>
     <span class='ocr_line' id='line_1_23' title="bbox 303 2386 1970 2449; baseline -0.002 -11"><span class='ocrx_word' id='word_1_171' title='bbox 303 2393 449 2438; x_wconf 88' lang='lat' dir='ltr'>nulla</span> <span class='ocrx_word' id='word_1_172' title='bbox 478 2387 833 2449; x_wconf 83' lang='lat' dir='ltr'>imprendesse</span> <span class='ocrx_word' id='word_1_173' title='bbox 853 2397 955 2448; x_wconf 58' lang='lat' dir='ltr'>per*</span> <span class='ocrx_word' id='word_1_174' title='bbox 977 2389 1224 2436; x_wconf 88' lang='lat' dir='ltr'>desiderio</span> <span class='ocrx_word' id='word_1_175' title='bbox 1258 2389 1309 2435; x_wconf 91' lang='lat' dir='ltr'>di</span> <span class='ocrx_word' id='word_1_176' title='bbox 1341 2387 1692 2435; x_wconf 83' lang='lat' dir='ltr'>dominazione</span> <span class='ocrx_word' id='word_1_177' title='bbox 1724 2386 1970 2435; x_wconf 71' lang='lat' dir='ltr'>terrena?</span> 
     </span>
     <span class='ocr_line' id='line_1_24' title="bbox 367 2462 2214 2524; baseline -0.002 -12"><span class='ocrx_word' id='word_1_178' title='bbox 367 2466 622 2524; x_wconf 85' lang='lat' dir='ltr'>Adunque</span> <span class='ocrx_word' id='word_1_179' title='bbox 657 2466 706 2511; x_wconf 88' lang='lat' dir='ltr'>al</span> <span class='ocrx_word' id='word_1_180' title='bbox 725 2464 882 2510; x_wconf 90' lang='lat' dir='ltr'>libero</span> <span class='ocrx_word' id='word_1_181' title='bbox 904 2463 1158 2510; x_wconf 89' lang='lat' dir='ltr'>Pontefice</span> <span class='ocrx_word' id='word_1_182' title='bbox 1178 2464 1250 2509; x_wconf 87' lang='lat' dir='ltr'>Re</span> <span class='ocrx_word' id='word_1_183' title='bbox 1270 2462 1418 2509; x_wconf 85' lang='lat' dir='ltr'>liberi</span> <span class='ocrx_word' id='word_1_184' title='bbox 1448 2474 1514 2509; x_wconf 88' lang='lat' dir='ltr'>ne</span> <span class='ocrx_word' id='word_1_185' title='bbox 1536 2462 1811 2520; x_wconf 87' lang='lat' dir='ltr'>venimm0‚</span> <span class='ocrx_word' id='word_1_186' title='bbox 1835 2462 1930 2509; x_wconf 90' lang='lat' dir='ltr'>alle</span> <span class='ocrx_word' id='word_1_187' title='bbox 1951 2473 2064 2514; x_wconf 89' lang='lat' dir='ltr'>cose</span> <span class='ocrx_word' id='word_1_188' title='bbox 2084 2462 2214 2509; x_wconf 86' lang='lat' dir='ltr'>della</span> 
     </span>
     <span class='ocr_line' id='line_1_25' title="bbox 307 2535 2215 2596; baseline -0.002 -9"><span class='ocrx_word' id='word_1_189' title='bbox 307 2540 488 2587; x_wconf 88' lang='lat' dir='ltr'>Chiesa</span> <span class='ocrx_word' id='word_1_190' title='bbox 519 2551 660 2586; x_wconf 89' lang='lat' dir='ltr'>come</span> <span class='ocrx_word' id='word_1_191' title='bbox 693 2538 906 2596; x_wconf 84' lang='lat' dir='ltr'>Pastori,</span> <span class='ocrx_word' id='word_1_192' title='bbox 941 2550 968 2585; x_wconf 93' lang='lat' dir='ltr'>e</span> <span class='ocrx_word' id='word_1_193' title='bbox 1000 2538 1099 2583; x_wconf 87' lang='lat' dir='ltr'>alla</span> <span class='ocrx_word' id='word_1_194' title='bbox 1129 2537 1301 2584; x_wconf 91' lang='lat' dir='ltr'>Patria</span> <span class='ocrx_word' id='word_1_195' title='bbox 1331 2549 1472 2583; x_wconf 89' lang='lat' dir='ltr'>come</span> <span class='ocrx_word' id='word_1_196' title='bbox 1505 2535 1759 2595; x_wconf 89' lang='lat' dir='ltr'>cittadini,</span> <span class='ocrx_word' id='word_1_197' title='bbox 1800 2535 2156 2584; x_wconf 85' lang='lat' dir='ltr'>direttamente</span> <span class='ocrx_word' id='word_1_198' title='bbox 2187 2549 2215 2584; x_wconf 90' lang='grc'>6</span> 
     </span>
    </p>
   </div>
   <div class='ocr_carea' id='block_1_5' title="bbox 306 2609 2288 2673">
    <p class='ocr_par' dir='ltr' id='par_1_7' title="bbox 306 2609 2288 2673">
     <span class='ocr_line' id='line_1_26' title="bbox 306 2609 2288 2673; baseline -0.002 -13"><span class='ocrx_word' id='word_1_199' title='bbox 306 2613 655 2673; x_wconf 85' lang='lat' dir='ltr'>giustamente</span> <span class='ocrx_word' id='word_1_200' title='bbox 687 2612 1065 2671; x_wconf 84' lang='lat' dir='ltr'>provvedendO,</span> <span class='ocrx_word' id='word_1_201' title='bbox 1099 2624 1204 2658; x_wconf 89' lang='lat' dir='ltr'>non</span> <span class='ocrx_word' id='word_1_202' title='bbox 1238 2611 1473 2670; x_wconf 90' lang='lat' dir='ltr'>ponendo</span> <span class='ocrx_word' id='word_1_203' title='bbox 1506 2610 1561 2656; x_wconf 90' lang='lat' dir='ltr'>in</span> <span class='ocrx_word' id='word_1_204' title='bbox 1593 2623 1699 2658; x_wconf 88' lang='lat' dir='ltr'>non</span> <span class='ocrx_word' id='word_1_205' title='bbox 1730 2612 1837 2658; x_wconf 86' lang='lat' dir='ltr'>cale</span> <span class='ocrx_word' id='word_1_206' title='bbox 1866 2610 1903 2656; x_wconf 91' lang='lat' dir='ltr'>il</span> <span class='ocrx_word' id='word_1_207' title='bbox 1935 2610 2118 2658; x_wconf 86' lang='lat' dir='ltr'>dovere</span> <span class='ocrx_word' id='word_1_208' title='bbox 2149 2609 2216 2657; x_wconf 79' lang='lat' dir='ltr'>ne</span> <span class='ocrx_word' id='word_1_209' title='bbox 2285 2616 2288 2617; x_wconf 72' lang='grc'>’</span> 
     </span>
    </p>
   </div>
   <div class='ocr_carea' id='block_1_6' title="bbox 242 2685 2282 3481">
    <p class='ocr_par' dir='ltr' id='par_1_8' title="bbox 306 2685 1048 2735">
     <span class='ocr_line' id='line_1_27' title="bbox 306 2685 1048 2735; baseline -0.008 0"><span class='ocrx_word' id='word_1_210' title='bbox 306 2687 357 2735; x_wconf 83' lang='grc'>(11</span> <span class='ocrx_word' id='word_1_211' title='bbox 388 2686 583 2734; x_wconf 85' lang='lat' dir='ltr'>Pastori</span> <span class='ocrx_word' id='word_1_212' title='bbox 615 2685 682 2733; x_wconf 81' lang='lat' dir='ltr'>ne</span> <span class='ocrx_word' id='word_1_213' title='bbox 714 2685 765 2731; x_wconf 91' lang='lat' dir='ltr'>di</span> <span class='ocrx_word' id='word_1_214' title='bbox 797 2685 1048 2732; x_wconf 88' lang='lat' dir='ltr'>cittadini.</span> 
     </span>
    </p>

    <p class='ocr_par' dir='ltr' id='par_1_9' title="bbox 242 2757 2282 3481">
     <span class='ocr_line' id='line_1_28' title="bbox 364 2757 2215 2820; baseline -0.001 -13"><span class='ocrx_word' id='word_1_215' title='bbox 364 2762 432 2808; x_wconf 88' lang='lat' dir='ltr'>Le</span> <span class='ocrx_word' id='word_1_216' title='bbox 463 2760 602 2820; x_wconf 88' lang='lat' dir='ltr'>quali</span> <span class='ocrx_word' id='word_1_217' title='bbox 646 2771 758 2807; x_wconf 90' lang='lat' dir='ltr'>cose</span> <span class='ocrx_word' id='word_1_218' title='bbox 802 2758 904 2806; x_wconf 79' lang='lat' dir='ltr'>cosi</span> <span class='ocrx_word' id='word_1_219' title='bbox 949 2759 1176 2819; x_wconf 88' lang='lat' dir='ltr'>essendo,</span> <span class='ocrx_word' id='word_1_220' title='bbox 1223 2759 1303 2805; x_wconf 86' lang='lat' dir='ltr'>chi</span> <span class='ocrx_word' id='word_1_221' title='bbox 1344 2759 1448 2804; x_wconf 89' lang='lat' dir='ltr'>mai</span> <span class='ocrx_word' id='word_1_222' title='bbox 1495 2757 1638 2806; x_wconf 78' lang='lat' dir='ltr'>osera</span> <span class='ocrx_word' id='word_1_223' title='bbox 1681 2758 1992 2817; x_wconf 85' lang='lat' dir='ltr'>impugnare</span> <span class='ocrx_word' id='word_1_224' title='bbox 2037 2758 2215 2818; x_wconf 86' lang='lat' dir='ltr'>questo</span> 
     </span>
     <span class='ocr_line' id='line_1_29' title="bbox 242 2830 2215 2896; baseline -0.003 -14"><span class='ocrx_word' id='word_1_225' title='bbox 242 2830 245 2833; x_wconf 77' lang='grc'><strong>’</strong></span> <span class='ocrx_word' id='word_1_226' title='bbox 310 2834 595 2896; x_wconf 87' lang='lat' dir='ltr'>principato</span> <span class='ocrx_word' id='word_1_227' title='bbox 628 2831 730 2880; x_wconf 79' lang='lat' dir='ltr'>cosi</span> <span class='ocrx_word' id='word_1_228' title='bbox 762 2833 949 2886; x_wconf 90' lang='lat' dir='ltr'>antico,</span> <span class='ocrx_word' id='word_1_229' title='bbox 983 2845 1010 2878; x_wconf 90' lang='lat' dir='ltr'>e</span> <span class='ocrx_word' id='word_1_230' title='bbox 1040 2833 1248 2880; x_wconf 86' lang='lat' dir='ltr'>fondato</span> <span class='ocrx_word' id='word_1_231' title='bbox 1279 2845 1428 2891; x_wconf 89' lang='lat' dir='ltr'>sopra</span> <span class='ocrx_word' id='word_1_232' title='bbox 1458 2833 1567 2879; x_wconf 90' lang='lat' dir='ltr'>basi</span> <span class='ocrx_word' id='word_1_233' title='bbox 1600 2831 1702 2879; x_wconf 83' lang='lat' dir='ltr'>cosi</span> <span class='ocrx_word' id='word_1_234' title='bbox 1733 2832 1869 2879; x_wconf 89' lang='lat' dir='ltr'>salde</span> <span class='ocrx_word' id='word_1_235' title='bbox 1900 2832 1952 2878; x_wconf 92' lang='lat' dir='ltr'>di</span> <span class='ocrx_word' id='word_1_236' title='bbox 1994 2831 2215 2878; x_wconf 81' lang='lat' dir='ltr'>autorita</span> 
     </span>
     <span class='ocr_line' id='line_1_30' title="bbox 305 2904 2208 2975; baseline -0.002 -20"><span class='ocrx_word' id='word_1_237' title='bbox 305 2922 332 2956; x_wconf 93' lang='lat' dir='ltr'>e</span> <span class='ocrx_word' id='word_1_238' title='bbox 363 2909 414 2955; x_wconf 90' lang='lat' dir='ltr'>di</span> <span class='ocrx_word' id='word_1_239' title='bbox 446 2905 731 2954; x_wconf 67' lang='lat' dir='ltr'>necessita?</span> <span class='ocrx_word' id='word_1_240' title='bbox 764 2907 803 2952; x_wconf 88' lang='lat' dir='ltr'><strong>E</strong></span> <span class='ocrx_word' id='word_1_241' title='bbox 835 2908 955 2975; x_wconf 90' lang='lat' dir='ltr'>qual</span> <span class='ocrx_word' id='word_1_242' title='bbox 988 2907 1014 2952; x_wconf 83' lang='lat' dir='ltr'>e</span> <span class='ocrx_word' id='word_1_243' title='bbox 1046 2907 1148 2952; x_wconf 90' lang='lat' dir='ltr'>mai</span> <span class='ocrx_word' id='word_1_244' title='bbox 1180 2906 1311 2952; x_wconf 87' lang='lat' dir='ltr'>altra</span> <span class='ocrx_word' id='word_1_245' title='bbox 1341 2905 1554 2964; x_wconf 80' lang='lat' dir='ltr'>potesta,</span> <span class='ocrx_word' id='word_1_246' title='bbox 1602 2905 1712 2964; x_wconf 89' lang='lat' dir='ltr'>che,</span> <span class='ocrx_word' id='word_1_247' title='bbox 1761 2904 1918 2952; x_wconf 86' lang='lat' dir='ltr'>avuto</span> <span class='ocrx_word' id='word_1_248' title='bbox 1961 2904 2208 2963; x_wconf 83' lang='lat' dir='ltr'>riguardo</span> 
     </span>
     <span class='ocr_line' id='line_1_31' title="bbox 306 2970 2214 3039; baseline -0.003 -11"><span class='ocrx_word' id='word_1_249' title='bbox 306 2982 469 3029; x_wconf 87' lang='lat' dir='ltr'>anche</span> <span class='ocrx_word' id='word_1_250' title='bbox 501 2993 531 3026; x_wconf 93' lang='lat' dir='ltr'>a</span> <span class='ocrx_word' id='word_1_251' title='bbox 563 2980 680 3039; x_wconf 91' lang='lat' dir='ltr'>quel</span> <span class='ocrx_word' id='word_1_252' title='bbox 714 2979 886 3026; x_wconf 87' lang='lat' dir='ltr'>diritto</span> <span class='ocrx_word' id='word_1_253' title='bbox 919 2992 1127 3038; x_wconf 89' lang='lat' dir='ltr'>umano,</span> <span class='ocrx_word' id='word_1_254' title='bbox 1161 2980 1216 3024; x_wconf 89' lang='grc'>111</span> <span class='ocrx_word' id='word_1_255' title='bbox 1249 2979 1333 3026; x_wconf 84' lang='grc'>0111</span> <span class='ocrx_word' id='word_1_256' title='bbox 1364 2992 1391 3025; x_wconf 88' lang='lat' dir='ltr'>e</span> <span class='ocrx_word' id='word_1_257' title='bbox 1421 2978 1613 3037; x_wconf 88' lang='lat' dir='ltr'>riposta</span> <span class='ocrx_word' id='word_1_258' title='bbox 1631 2979 1682 3024; x_wconf 91' lang='lat' dir='ltr'>la</span> <span class='ocrx_word' id='word_1_259' title='bbox 1705 2970 1956 3025; x_wconf 84' lang='lat' dir='ltr'>sicurezza</span> <span class='ocrx_word' id='word_1_260' title='bbox 1978 2977 2059 3025; x_wconf 91' lang='lat' dir='ltr'>dei</span> <span class='ocrx_word' id='word_1_261' title='bbox 2078 2977 2214 3036; x_wconf 89' lang='lat' dir='ltr'>prin-</span> 
     </span>
     <span class='ocr_line' id='line_1_32' title="bbox 308 3050 2212 3121; baseline -0.002 -19"><span class='ocrx_word' id='word_1_262' title='bbox 308 3055 409 3113; x_wconf 84' lang='lat' dir='ltr'>cipi</span> <span class='ocrx_word' id='word_1_263' title='bbox 440 3067 467 3101; x_wconf 94' lang='grc'>6</span> <span class='ocrx_word' id='word_1_264' title='bbox 497 3054 547 3099; x_wconf 87' lang='lat' dir='ltr'>la</span> <span class='ocrx_word' id='word_1_265' title='bbox 577 3050 760 3099; x_wconf 80' lang='lat' dir='ltr'>liberta</span> <span class='ocrx_word' id='word_1_266' title='bbox 791 3052 871 3098; x_wconf 90' lang='lat' dir='ltr'>dei</span> <span class='ocrx_word' id='word_1_267' title='bbox 906 3053 1090 3111; x_wconf 89' lang='lat' dir='ltr'>popoli,</span> <span class='ocrx_word' id='word_1_268' title='bbox 1137 3064 1285 3110; x_wconf 90' lang='lat' dir='ltr'>possa</span> <span class='ocrx_word' id='word_1_269' title='bbox 1323 3064 1353 3098; x_wconf 89' lang='lat' dir='ltr'>a</span> <span class='ocrx_word' id='word_1_270' title='bbox 1394 3052 1466 3098; x_wconf 87' lang='lat' dir='ltr'>tal</span> <span class='ocrx_word' id='word_1_271' title='bbox 1512 3052 1798 3110; x_wconf 85' lang='lat' dir='ltr'>principato</span> <span class='ocrx_word' id='word_1_272' title='bbox 1836 3051 2212 3121; x_wconf 72' lang='lat' dir='ltr'>paragonarsi?</span> 
     </span>
     <span class='ocr_line' id='line_1_33' title="bbox 307 3125 2213 3188; baseline -0.002 -13"><span class='ocrx_word' id='word_1_273' title='bbox 307 3129 474 3188; x_wconf 85' lang='lat' dir='ltr'>quale,</span> <span class='ocrx_word' id='word_1_274' title='bbox 495 3127 586 3174; x_wconf 86' lang='lat' dir='ltr'>che</span> <span class='ocrx_word' id='word_1_275' title='bbox 611 3125 686 3172; x_wconf 90' lang='lat' dir='ltr'>sia</span> <span class='ocrx_word' id='word_1_276' title='bbox 707 3125 1002 3172; x_wconf 86' lang='lat' dir='ltr'>altrettanto</span> <span class='ocrx_word' id='word_1_277' title='bbox 1020 3125 1167 3171; x_wconf 85' lang='lat' dir='ltr'>santo</span> <span class='ocrx_word' id='word_1_278' title='bbox 1189 3138 1216 3172; x_wconf 91' lang='lat' dir='ltr'>e</span> <span class='ocrx_word' id='word_1_279' title='bbox 1237 3125 1560 3173; x_wconf 69' lang='lat' dir='ltr'>venerabile?</span> <span class='ocrx_word' id='word_1_280' title='bbox 1583 3127 1704 3185; x_wconf 87' lang='lat' dir='ltr'>qual</span> <span class='ocrx_word' id='word_1_281' title='bbox 1724 3125 2021 3172; x_wconf 88' lang='lat' dir='ltr'>monarchia</span> <span class='ocrx_word' id='word_1_282' title='bbox 2042 3139 2071 3172; x_wconf 93' lang='lat'>0</span> <span class='ocrx_word' id='word_1_283' title='bbox 2093 3126 2213 3185; x_wconf 90' lang='lat' dir='ltr'>qual</span> 
     </span>
     <span class='ocr_line' id='line_1_34' title="bbox 308 3198 2208 3259; baseline -0.003 -10"><span class='ocrx_word' id='word_1_284' title='bbox 308 3201 618 3259; x_wconf 87' lang='lat' dir='ltr'>repubblica,</span> <span class='ocrx_word' id='word_1_285' title='bbox 653 3199 797 3257; x_wconf 84' lang='lat' dir='ltr'>negli</span> <span class='ocrx_word' id='word_1_286' title='bbox 828 3199 1021 3245; x_wconf 88' lang='lat' dir='ltr'>antichi</span> <span class='ocrx_word' id='word_1_287' title='bbox 1053 3213 1081 3245; x_wconf 93' lang='lat' dir='ltr'>o</span> <span class='ocrx_word' id='word_1_288' title='bbox 1113 3199 1197 3246; x_wconf 88' lang='lat' dir='ltr'>nei</span> <span class='ocrx_word' id='word_1_289' title='bbox 1228 3200 1458 3247; x_wconf 84' lang='lat' dir='ltr'>moderni</span> <span class='ocrx_word' id='word_1_290' title='bbox 1488 3199 1663 3258; x_wconf 88' lang='lat' dir='ltr'>tempi,</span> <span class='ocrx_word' id='word_1_291' title='bbox 1686 3198 1787 3258; x_wconf 80' lang='lat' dir='ltr'>puo</span> <span class='ocrx_word' id='word_1_292' title='bbox 1813 3199 2025 3246; x_wconf 87' lang='lat' dir='ltr'>vantare</span> <span class='ocrx_word' id='word_1_293' title='bbox 2047 3198 2208 3245; x_wconf 83' lang='lat' dir='ltr'>diritti</span> 
     </span>
     <span class='ocr_line' id='line_1_35' title="bbox 313 3271 2213 3333; baseline -0.002 -11"><span class='ocrx_word' id='word_1_294' title='bbox 313 3274 414 3322; x_wconf 81' lang='lat' dir='ltr'>cosi</span> <span class='ocrx_word' id='word_1_295' title='bbox 445 3273 675 3333; x_wconf 84' lang='lat' dir='ltr'>augusti,</span> <span class='ocrx_word' id='word_1_296' title='bbox 709 3271 811 3319; x_wconf 86' lang='lat' dir='ltr'>cosi</span> <span class='ocrx_word' id='word_1_297' title='bbox 842 3273 1035 3319; x_wconf 87' lang='lat' dir='ltr'>antichi</span> <span class='ocrx_word' id='word_1_298' title='bbox 1066 3275 1127 3320; x_wconf 88' lang='lat' dir='ltr'>ed</span> <span class='ocrx_word' id='word_1_299' title='bbox 1164 3272 1484 3320; x_wconf 74' lang='lat' dir='ltr'>inviolabili?</span> <span class='ocrx_word' id='word_1_300' title='bbox 1526 3274 1565 3318; x_wconf 92' lang='lat' dir='ltr'>E</span> <span class='ocrx_word' id='word_1_301' title='bbox 1608 3284 1661 3319; x_wconf 90' lang='lat' dir='ltr'>se</span> <span class='ocrx_word' id='word_1_302' title='bbox 1700 3272 1826 3319; x_wconf 87' lang='lat' dir='ltr'>tutti</span> <span class='ocrx_word' id='word_1_303' title='bbox 1872 3271 2038 3332; x_wconf 86' lang='lat' dir='ltr'>questi</span> <span class='ocrx_word' id='word_1_304' title='bbox 2081 3272 2213 3319; x_wconf 87' lang='lat' dir='ltr'>titoli</span> 
     </span>
     <span class='ocr_line' id='line_1_36' title="bbox 314 3345 2282 3407; baseline -0.002 -11"><span class='ocrx_word' id='word_1_305' title='bbox 314 3360 558 3406; x_wconf 84' lang='lat' dir='ltr'>vengano</span> <span class='ocrx_word' id='word_1_306' title='bbox 589 3360 695 3395; x_wconf 88' lang='lat' dir='ltr'>una</span> <span class='ocrx_word' id='word_1_307' title='bbox 726 3346 863 3392; x_wconf 86' lang='lat' dir='ltr'>volta</span> <span class='ocrx_word' id='word_1_308' title='bbox 894 3346 1202 3404; x_wconf 67' lang='lat' dir='ltr'>dispregiati</span> <span class='ocrx_word' id='word_1_309' title='bbox 1223 3359 1251 3394; x_wconf 92' lang='grc'>6</span> <span class='ocrx_word' id='word_1_310' title='bbox 1282 3347 1544 3406; x_wconf 85' lang='lat' dir='ltr'>calpestati</span> <span class='ocrx_word' id='word_1_311' title='bbox 1575 3347 1737 3394; x_wconf 88' lang='lat' dir='ltr'>anche</span> <span class='ocrx_word' id='word_1_312' title='bbox 1765 3346 1821 3393; x_wconf 89' lang='lat' dir='ltr'>in</span> <span class='ocrx_word' id='word_1_313' title='bbox 1853 3346 2033 3406; x_wconf 85' lang='lat' dir='ltr'>questa</span> <span class='ocrx_word' id='word_1_314' title='bbox 2052 3345 2211 3407; x_wconf 84' lang='lat' dir='ltr'>Santa</span> <span class='ocrx_word' id='word_1_315' title='bbox 2275 3373 2282 3378; x_wconf 62' lang='lat'>„</span> 
     </span>
     <span class='ocr_line' id='line_1_37' title="bbox 318 3420 2213 3481; baseline -0.001 -13"><span class='ocrx_word' id='word_1_316' title='bbox 318 3423 462 3481; x_wconf 84' lang='lat' dir='ltr'>Sede,</span> <span class='ocrx_word' id='word_1_317' title='bbox 496 3423 616 3481; x_wconf 83' lang='lat' dir='ltr'>qual</span> <span class='ocrx_word' id='word_1_318' title='bbox 645 3420 876 3479; x_wconf 83' lang='lat' dir='ltr'>principe</span> <span class='ocrx_word' id='word_1_319' title='bbox 907 3420 1140 3478; x_wconf 84' lang='lat' dir='ltr'>oggimai</span> <span class='ocrx_word' id='word_1_320' title='bbox 1171 3420 1319 3478; x_wconf 79' lang='lat' dir='ltr'>potra</span> <span class='ocrx_word' id='word_1_321' title='bbox 1348 3432 1511 3468; x_wconf 87' lang='lat' dir='ltr'>essere</span> <span class='ocrx_word' id='word_1_322' title='bbox 1542 3421 1708 3468; x_wconf 88' lang='lat' dir='ltr'>sicuro</span> <span class='ocrx_word' id='word_1_323' title='bbox 1739 3420 1818 3467; x_wconf 88' lang='lat' dir='ltr'>del</span> <span class='ocrx_word' id='word_1_324' title='bbox 1849 3432 1940 3467; x_wconf 87' lang='lat' dir='ltr'>suo</span> <span class='ocrx_word' id='word_1_325' title='bbox 1970 3431 2151 3478; x_wconf 81' lang='lat' dir='ltr'>regno,</span> <span class='ocrx_word' id='word_1_326' title='bbox 2185 3432 2213 3466; x_wconf 95' lang='grc'>0</span> 
     </span>
    </p>
   </div>
   <div class='ocr_carea' id='block_1_7' title="bbox 319 3488 2299 3562">
    <p class='ocr_par' dir='ltr' id='par_1_10' title="bbox 319 3488 2299 3562">
     <span class='ocr_line' id='line_1_38' title="bbox 319 3488 2299 3562; baseline -0.002 -20"><span class='ocrx_word' id='word_1_327' title='bbox 319 3497 436 3559; x_wconf 81' lang='lat' dir='ltr'>qual</span> <span class='ocrx_word' id='word_1_328' title='bbox 469 3488 765 3560; x_wconf 72' lang='lat' dir='ltr'>repubblica</span> <span class='ocrx_word' id='word_1_329' title='bbox 786 3494 863 3545; x_wconf 88' lang='lat' dir='ltr'>del</span> <span class='ocrx_word' id='word_1_330' title='bbox 895 3506 985 3540; x_wconf 90' lang='lat' dir='ltr'>suo</span> <span class='ocrx_word' id='word_1_331' title='bbox 1006 3492 1297 3549; x_wconf 71' lang='lat' dir='ltr'>territorio?</span> <span class='ocrx_word' id='word_1_332' title='bbox 1327 3494 1418 3541; x_wconf 90' lang='lat' dir='ltr'>Voi</span> <span class='ocrx_word' id='word_1_333' title='bbox 1442 3493 1696 3562; x_wconf 79' lang='lat' dir='ltr'>pertantO,</span> <span class='ocrx_word' id='word_1_334' title='bbox 1719 3493 2014 3549; x_wconf 75' lang='lat' dir='ltr'>Beatissimo</span> <span class='ocrx_word' id='word_1_335' title='bbox 2035 3492 2210 3550; x_wconf 90' lang='lat' dir='ltr'>Padre,</span> <span class='ocrx_word' id='word_1_336' title='bbox 2295 3509 2299 3512; x_wconf 92' lang='lat'>·</span> 
     </span>
    </p>
   </div>
   <div class='ocr_carea' id='block_1_8' title="bbox 2409 0 2488 4290">
    <p class='ocr_par' dir='ltr' id='par_1_11' title="bbox 2409 0 2488 4290">
     <span class='ocr_line' id='line_1_39' title="bbox 2409 0 2488 4290; baseline 0 0"><span class='ocrx_word' id='word_1_337' title='bbox 2409 0 2488 4290; x_wconf 95' lang='lat' dir='ltr'> </span> 
     </span>
    </p>
   </div>
  </div>
 </body>
</html>
