2488 4290
2067 346 2122 394 61

224 453 568 520 potissimum
608 451 864 516 dogmata
903 449 1248 516 definienda,
1300 450 1366 500 ad
1405 456 1713 514 grassantes
1750 465 1958 503 errores
1998 467 2124 518 pro-

225 537 527 604 fligandos,
593 538 660 588 ad
716 536 1045 588 catholicam
1083 536 1580 603 propugnandam,
1647 535 2034 589 illustrandam
2075 544 2126 590 et

226 622 580 677 evolvendam
618 623 921 676 doctrinam
943 665 956 686 ,
1003 624 1071 675 ad
1109 621 1529 674 ecclesiasticam
1571 623 1831 675 tuendam
1870 638 1931 674 ac
1967 638 2125 690 repa-

226 711 456 764 randam
494 708 879 775 disciplinam,
930 709 997 761 ad
1039 714 1323 777 corruptos
1361 707 1693 776 populorum
1734 722 1915 760 mores
1955 711 2125 762 corri-

223 797 430 862 gendos
468 802 690 865 possent
734 795 1059 848 conducere.

295 882 410 937 Iam
446 897 572 934 vero
613 882 872 934 omnibus
912 887 1290 949 compertum,
1358 880 1809 948 exploratumque
1873 886 1953 932 est
2015 897 2124 948 qua

226 967 436 1022 orribili
477 973 794 1035 tempestate
834 983 983 1019 nunc
1019 969 1253 1020 iactetur
1287 968 1558 1033 Ecclesia,
1626 973 1679 1018 et
1715 965 1917 1033 quibus
1953 983 2122 1034 quan-

223 1057 394 1122 tisque
431 1054 591 1108 malis
629 1054 807 1107 civilis
846 1054 965 1120 ipsa
1003 1054 1273 1120 affligatur
1324 1055 1568 1106 societas,
1615 1054 1827 1105 Etenim
1866 1054 1933 1105 ab
1974 1069 2123 1106 acer-

221 1142 383 1194 rimis
421 1142 513 1193 Dei
552 1141 954 1208 hominumque
994 1140 1245 1192 hostibus
1284 1139 1554 1192 catholica
1591 1139 1852 1202 Ecclesia,
1900 1140 2123 1206 eiusque

221 1229 476 1282 salutaris
515 1228 779 1293 doctrina,
823 1233 874 1280 et
911 1226 1218 1280 veneranda
1255 1233 1512 1293 potestaS,
1560 1242 1622 1278 ac
1657 1241 1915 1293 suprema
1952 1227 2120 1306 huius

219 1315 560 1385 Apostolicae
598 1314 748 1366 Sedis
786 1314 1084 1366 auctoritas
1122 1319 1455 1381 oppugnata,
1499 1311 1831 1380 proculcata,
1874 1318 1926 1364 et
1970 1328 2122 1365 sacra

220 1401 408 1453 omnia
446 1401 731 1467 despecta,
775 1404 826 1451 et
863 1399 1233 1452 ecclesiastica
1269 1401 1414 1452 bona
1453 1401 1681 1465 direpta,
1729 1416 1791 1451 ac
1826 1398 2119 1450 Sacrorum

217 1486 522 1552 AntistiteS,
583 1491 635 1538 et
696 1486 1081 1553 spectatissimi
1136 1487 1240 1538 viri
1298 1487 1490 1539 divino
1520 1486 1842 1538 ministerio
1883 1485 2112 1550 addicti,

214 1573 571 1638 hominesque
622 1571 902 1625 catholicis
960 1563 1206 1626 sensibus
1259 1579 1594 1640 praestantes
1643 1573 1823 1625 modis
1862 1572 2118 1624 omnibus

215 1658 460 1722 divexati,
507 1665 561 1710 et
596 1657 893 1725 Religiosae
952 1659 1213 1712 Familiae
1257 1661 1538 1723 extinctae,
1604 1665 1658 1711 et
1718 1659 1878 1726 impii
1939 1657 2118 1709 omnis

215 1746 427 1809 generis
464 1745 604 1807 libri,
651 1761 711 1797 ac
746 1746 1028 1814 pestiferae
1067 1747 1468 1812 ephemerideS,
1513 1753 1565 1798 et
1603 1746 1970 1798 multiformes
1998 1759 2117 1811 per-

214 1831 613 1883 niciosissimae
650 1837 825 1902 sectae
863 1834 1106 1898 undique
1145 1832 1392 1899 diffusae,
1436 1840 1489 1885 et
1531 1833 1760 1886 miserae
1817 1830 2116 1883 iuventutis

213 1916 482 1969 institutio
521 1917 721 1984 ubique
759 1918 869 1971 fere
908 1934 940 1970 a
977 1917 1128 1971 Clero
1167 1925 1364 1983 amota,
1413 1926 1466 1973 et
1502 1920 1649 1986 quod
1687 1919 1843 1986 peius
1871 1923 1966 1982 est,
2000 1931 2112 1967 non

213 2003 404 2073 paucis
439 2004 498 2054 in
536 2002 668 2056 locis
704 2005 1033 2071 iniquitatiS,
1103 2011 1157 2058 et
1216 2007 1412 2059 erroris
1473 2007 1744 2072 magistris
1801 2005 2104 2057 commissa.

212 2089 350 2143 Hinc
386 2103 511 2141 cum
548 2106 765 2143 summo
803 2091 1009 2157 Nostro,
1055 2098 1110 2146 et
1133 2093 1409 2146 bonorum
1449 2093 1702 2145 omnium
1748 2107 2014 2156 moerore,
2060 2098 2114 2146 et

212 2348 359 2397 finire
389 2349 406 2395 i
438 2349 642 2411 dommi,
674 2362 706 2396 a
735 2350 1061 2400 condannare
1103 2351 1178 2411 gli
1209 2351 1370 2411 sparsi
1402 2352 1577 2412 errori,
1612 2365 1642 2399 a
1674 2365 2021 2412 propugnare,
2055 2353 2112 2399 il-

211 2423 426 2472 lustrare
456 2437 484 2472 e
514 2425 748 2486 svolgere
778 2426 828 2473 la
859 2425 1083 2474 dottrina
1115 2425 1366 2487 cattolica,
1399 2439 1431 2474 a
1471 2426 1767 2475 mantenere
1818 2440 1846 2475 e
1874 2427 2111 2477 ristorare

210 2499 278 2567 la·
319 2498 585 2559 disciplina
635 2500 995 2560 ecclesiastica,
1049 2514 1079 2547 a
1131 2514 1436 2561 correggere
1488 2502 1505 2547 i
1548 2502 1754 2550 corrotti
1785 2503 1999 2551 costumi
2030 2503 2110 2554 dei

212 2573 394 2635 popoli.
1235 2597 1239 2599 -

268 2648 369 2696 Ora
397 2648 424 2696 e
454 2661 485 2695 a
513 2648 636 2696 tutti
666 2649 786 2696 noto
816 2662 843 2698 e
872 2650 1141 2698 manifesto
1173 2651 1238 2698 da
1277 2653 1426 2712 quale
1479 2651 1680 2700 orribile
1731 2652 1980 2712 tempesta
2034 2654 2110 2701 sia

208 2722 611 2783 presentemente
656 2723 899 2784 ,sbattuta
948 2725 997 2771 la
1047 2723 1244 2785 Chiesa,
1278 2738 1306 2773 e
1337 2726 1403 2773 da
1453 2727 1591 2787 quali
1622 2740 1650 2775 e
1681 2727 1863 2788 quanti
1909 2728 2029 2774 mali
2059 2730 2108 2777 la

209 2798 365 2846 stessa
394 2797 540 2845 civile
570 2798 755 2846 societa
784 2799 860 2846 sia
890 2798 1089 2847 afflitta.
1124 2799 1449 2860 Imperocche
1500 2802 1582 2848 dai
1635 2802 1886 2850 fierissimi
1918 2803 2106 2851 nemici

209 2872 261 2918 di
290 2872 381 2919 Dio
412 2885 439 2919 e
470 2872 608 2932 degli
638 2873 833 2920 nomini
863 2874 914 2920 la
930 2874 1125 2923 Chiesa
1154 2874 1388 2924 cattolica
1419 2889 1446 2924 6
1478 2877 1529 2923 la
1557 2876 1779 2926 salutare
1824 2877 2049 2925 dottrina
2079 2891 2107 2925 6

207 2948 257 2995 la
287 2947 579 2995 veneranda
609 2947 805 3007 potesta
854 2949 916 2996 ed
969 2949 1190 2998 autorit'a
1242 2963 1480 3010 suprema
1531 2952 1581 2999 di
1614 2952 1793 3014 questa
1835 2953 2106 3013 apostolica

208 3021 333 3069 Sede
363 3021 390 3068 e
410 3022 709 3081 oppugnata
739 3035 766 3069 e
798 3023 1111 3085 conculcata,
1145 3037 1173 3072 e
1205 3024 1338 3073 tutte
1368 3027 1415 3074 le
1445 3039 1556 3076 cose
1573 3027 1718 3076 sante
1734 3041 1858 3075 sono
1890 3029 2105 3088 disprez-

211 3097 338 3155 zate‚
373 3096 434 3143 ed
467 3096 482 3142 i
514 3097 632 3143 beni
663 3097 985 3146 ecclesiastici
1017 3111 1257 3158 vengono
1288 3099 1566 3161 dilapidati,
1600 3103 1699 3150 edi
1727 3104 1938 3151 Vescovi
1970 3117 1997 3151 e
2029 3106 2104 3164 gli

207 3170 402 3216 uomini
432 3171 974 3230 rag-guardevolissimi
1003 3186 1093 3233 per
1123 3173 1418 3223 sentimenti
1440 3176 1657 3225 cattolici
1678 3190 1802 3225 sono
1834 3179 2017 3226 vessati
2047 3179 2102 3224 in

208 3244 345 3291 mille
381 3245 548 3305 guise,
582 3258 609 3294 e
640 3247 685 3293 16
712 3246 944 3305 famiglie
975 3247 1209 3307 religiose
1239 3261 1363 3296 sono
1394 3248 1632 3312 disperse,
1665 3253 1727 3299 ed
1757 3253 1775 3298 i
1805 3253 1919 3300 libri
1951 3254 2102 3313 empii

210 3319 260 3365 di
293 3319 418 3378 ogni
451 3332 639 3379 genere
671 3321 732 3368 ed
764 3321 780 3366 i
811 3320 1032 3380 pestiferi
1064 3322 1287 3381 giornali
1318 3337 1345 3372 e
1376 3325 1421 3372 le
1452 3326 1873 3384 perniciosissime
1903 3327 2030 3376 sette
2052 3328 2102 3375 di

206 3392 332 3451 ogni
360 3393 520 3439 forma
550 3405 673 3441 sono
703 3394 1028 3454 dappertutto
1059 3395 1256 3456 diffuse,
1289 3410 1317 3445 e
1348 3399 1398 3445 la
1430 3399 1734 3448 educazione
1765 3402 1895 3448 della
1915 3402 2099 3449 misera

206 3466 454 3524 gioventu
471 3468 617 3527 quasi
635 3468 960 3528 dappertutto
983 3469 1129 3519 viene
1145 3471 1270 3519 tolta
1291 3474 1339 3519 al
1371 3474 1501 3521 clero
1518 3488 1561 3534 e,
1586 3476 1703 3535 quel
1724 3476 1816 3523 che
1839 3475 1866 3523 6
1886 3477 2097 3535 peggiO‚

203 3540 258 3586 in
290 3540 431 3588 molti
458 3541 639 3601 luoghi
681 3542 708 3590 e
758 3543 963 3591 affidata
1007 3545 1054 3591 a‘
1074 3546 1280 3594 maestri
1327 3548 1666 3610 dell’iniquita
1716 3564 1743 3598 e
1791 3550 2093 3597 dell’errore.

204 3614 391 3680 Quindi
419 3627 514 3675 con
540 3628 730 3679 sommo
751 3618 922 3680 nostro
939 3619 1210 3691 dispiacere
1231 3635 1259 3672 e
1291 3623 1342 3672 di
1358 3623 1483 3674 tutti
1511 3624 1529 3673 i
1561 3624 1717 3680 buoni
1750 3638 1776 3677 e
1808 3637 1903 3682 con
1924 3624 2095 3674 danno
