2488 4290
2003 363 2094 411 339

246 461 374 523 Quis
412 467 598 514 autem
640 463 877 515 inficiari
919 463 1086 531 possit
1150 464 1207 513 in
1271 462 1377 514 hoc
1433 479 1614 515 rerum
1680 464 2088 531 humanarum,

180 547 511 615 opinionum
569 547 1097 614 institutionumque
1153 547 1411 600 conflictu
1470 550 1838 601 necessarium
1880 567 1995 603 esse
2035 560 2098 604 ut

179 637 428 685 servetur
465 637 709 684 extrema
745 633 803 683 in
844 635 1056 708 Europa
1095 633 1312 685 medius
1340 639 1445 685 tres
1479 634 1624 686 inter
1663 636 1863 710 veteris
1903 637 2097 688 mundi

183 716 524 769 continentes
547 717 776 783 quidam
803 716 976 771 veluti
998 733 1149 771 sacer
1171 716 1345 783 locuS,
1389 726 1443 771 et
1480 720 1643 772 Sedes
1681 721 2088 787 augustissima,

187 802 330 854 unde
365 802 617 870 populiS,
663 804 1117 872 principibusque
1155 805 1397 857 vicissim
1438 803 1646 858 oriatur
1682 821 1780 857 vox
1821 807 2090 872 quaedam

182 895 383 952 magna
420 894 744 955 potensque,
788 903 889 941 vox
926 905 1126 958 nempe
1163 890 1403 943 iustitiae
1443 898 1496 943 et
1532 892 1792 955 veritatiS,
1838 890 1980 944 nulli
2020 893 2099 943 sa·

183 988 316 1026 vens
351 988 483 1041 prae
538 974 768 1043 ceteris,
829 973 1039 1027 nullius
1095 975 1404 1044 obsequens
1456 978 1725 1043 arbitriO,
1793 993 1958 1045 quarn
1999 993 2101 1032 nec

189 1058 434 1111 terrendo
473 1073 848 1126 compescere,
895 1075 997 1113 nec
1037 1057 1164 1113 ullis
1208 1061 1416 1115 artibus
1453 1062 1747 1130 quisquam
1787 1063 1961 1131 possit
1999 1065 2099 1117 cir·
2156 1061 2174 1068 “

175 1144 522 1196 Δ(ιιιῐῐινεεηίνε.

259 1229 362 1290 Qui
398 1246 562 1298 porro
601 1229 687 1284 vel
725 1232 829 1283 hac
863 1232 982 1284 vice
1021 1231 1140 1285 fieri
1180 1233 1482 1300 potuisset,
1547 1242 1609 1287 ut
1643 1234 1914 1290 Ecclesiae
1951 1237 2101 1290 Anti·

189 1315 341 1368 stites
378 1317 556 1369 securi
595 1316 707 1369 huc
745 1332 805 1369 ex
845 1324 958 1370 toto
998 1317 1137 1370 Orbe
1177 1319 1568 1383 adcurrerent,
1639 1336 1766 1374 cum
1808 1322 2099 1376 Sanctitate

188 1400 304 1453 Tua
339 1402 406 1454 de
443 1393 604 1455 rebus
642 1404 974 1468 gravissimis
1012 1404 1223 1468 acturi,
1295 1404 1339 1456 si
1403 1419 1463 1456 ex
1515 1411 1595 1459 tot
1633 1413 1687 1459 et
1724 1413 1836 1459 tam
1874 1408 2102 1462 diversis

187 1489 501 1556 regionibus
539 1488 902 1557 g'en‘tihusque
942 1491 1316 1554 confluenteS‚
1387 1492 1695 1560 principem
1735 1492 1977 1560 aliquem
2017 1496 2099 1547 in-

65 1613 78 1620 -
112 1621 126 1635 ,
186 1577 460 1629 venissent
496 1576 584 1628 his
622 1576 732 1628 oris
771 1576 1185 1639 dominantem,
1254 1579 1350 1645 qui
1405 1575 1494 1630 vel
1532 1579 1814 1646 principes
1851 1580 2102 1647 ipsorum

191 1663 250 1714 in
287 1661 603 1729 suspicione
639 1661 880 1724 haberet,
926 1661 1010 1714 vel
1047 1660 1177 1728 illis,
1221 1669 1507 1730 suspectus
1531 1664 1666 1731 ipse,
1709 1665 2109 1718 adversaretur?

191 1748 300 1802 Sua
335 1754 463 1800 sunt
499 1747 708 1801 etenim
749 1753 803 1800 et
841 1748 1138 1802 christiano
1179 1755 1233 1802 et
1272 1750 1375 1801 civi
1418 1749 1623 1802 officia:
1687 1749 1839 1802 haud
1876 1750 2103 1816 quidem

191 1835 557 1902 repugnantia
593 1834 740 1886 inter
778 1850 850 1898 se,
896 1836 994 1887 sed
1029 1835 1249 1888 diversa
1288 1840 1502 1888 tamen:
1548 1851 1689 1903 quae
1730 1835 2017 1903 adimpleri
2043 1836 2110 1889 ab

191 1920 466 1988 Episcopis
489 1921 768 1987 quomodo
795 1927 1034 1988 possent,
1078 1922 1184 1972 nisi
1212 1926 1477 1987 perstaret
1504 1922 1709 1974 Romae
1752 1919 1926 1974 civilis
1963 1921 2111 1989 prin-

193 2005 429 2072 cipatu5‚
465 2004 644 2072 qualis
671 2011 753 2058 est
776 2005 1123 2070 Pontificum,
1170 2006 1307 2058 iuris
1337 2005 1505 2058 alieni
1531 2006 1775 2064 ‚omnino
1814 2006 2100 2070 immunis,

253 2243 458 2306 Ohiypoi
491 2243 734 2303 potrebbe
765 2254 960 2302 negare
981 2244 1073 2291 che
1106 2244 1161 2289 in
1195 2245 1373 2303 questo
1406 2243 1636 2290 confiitto
1669 2243 1721 2289 di
1754 2255 1868 2290 cose
1901 2256 2107 2300 umane,

196 2319 247 2366 di
267 2319 495 2379 opinioni
527 2331 555 2366 e
586 2317 830 2365 d'istituti
862 2330 966 2364 non
999 2318 1075 2364 sia
1106 2317 1391 2365 necessario
1423 2316 1515 2364 che
1540 2316 1602 2364 in
1623 2317 1704 2364 sui
1727 2317 1918 2365 confini
1940 2317 1991 2363 di
2013 2318 2109 2363 Eu-

195 2405 336 2454 ropa,
368 2393 424 2440 in
454 2395 622 2442 mezzo
653 2394 702 2440 ai
732 2394 811 2442 tre
842 2391 1133 2440 continenti
1171 2392 1252 2438 del
1295 2391 1502 2440 vecchio
1542 2391 1746 2451 mond0,
1789 2391 1831 2438 si
1874 2391 2107 2440 conservi
2178 2444 2195 2455 ς

196 2480 269 2514 un
298 2469 457 2527 luogo
488 2462 630 2516 ccme
660 2480 820 2526 sacro,
854 2480 882 2514 e
913 2466 1040 2514 Sede
1083 2466 1472 2525 augustissima,
1516 2466 1582 2512 da
1625 2466 1708 2512 cui
1746 2466 1796 2511 ai
1835 2465 2004 2525 popoli
2046 2466 2109 2513 ed

196 2542 246 2589 ai
277 2541 497 2602 principi
529 2543 628 2589 alla
656 2544 732 2589 lor
762 2543 903 2590 volta
923 2541 967 2588 si
995 2540 1159 2588 faccia
1181 2540 1373 2601 sentire
1397 2552 1504 2586 una
1526 2553 1661 2600 gran
1685 2552 1808 2587 voce
1830 2552 1857 2587 e
1888 2539 2113 2598 potente,

201 2605 320 2664 voce
348 2614 458 2665 cioe
487 2616 538 2664 di
570 2616 814 2676 giustizia
843 2628 871 2663 e
907 2614 958 2661 di
995 2613 1178 2674 verita,
1224 2613 1274 2660 di
1320 2626 1545 2661 nessuno
1586 2612 2020 2673 favoreggiatrice
2059 2614 2114 2659 in

198 2687 491 2749 preferenza
521 2691 573 2738 di
604 2690 739 2749 altri,
773 2702 879 2737 non
909 2690 1040 2749 ligia
1086 2688 1388 2735 all'arbitrio
1422 2688 1474 2734 di
1504 2687 1834 2747 chicchessia,
1878 2688 1929 2734 la
1967 2689 2117 2747 quale

104 2783 117 2819 ι,
198 2764 360 2813 niuno
389 2777 537 2824 possa
567 2765 898 2824 comprimere
931 2765 1007 2812 col
1037 2764 1248 2822 terrore,
1282 2762 1348 2811 ne
1379 2762 1732 2810 circonvenire
1764 2775 1860 2811 con
1893 2762 2107 2809 artifizio

202 2838 255 2886 di
283 2839 422 2888 sorta
450 2839 674 2888 alcuna?
1982 2894 1986 2897 γ

261 2915 302 2961 E
329 2914 624 2963 veramente
654 2914 710 2960 in
742 2916 864 2975 qual
895 2914 1044 2962 inodo
1074 2926 1173 2973 pur
1205 2914 1387 2976 questa
1418 2912 1557 2959 volta
1594 2912 1636 2959 si
1680 2912 1890 2959 sarebbc
1934 2911 2114 2971 potuto

202 2990 429 3038 ottenere
459 2989 552 3037 che
583 2989 600 3034 i
631 2989 827 3036 Pastori
865 2989 995 3037 della
1042 2987 1225 3037 Chiesa
1272 2987 1429 3035 sicuti
1479 2989 1585 3047 qua
1629 2999 2008 3034 concorressero
2056 2987 2121 3034 da

201 3065 336 3114 tutto
363 3065 540 3122 l'orbe,
572 3077 662 3124 per
691 3063 906 3111 trattare
936 3064 1064 3111 coll'a
1093 3061 1295 3110 Santita
1325 3061 1510 3108 Vostra
1542 3061 1594 3108 di
1632 3060 1944 3120 gravissime
1987 3074 2116 3119 cose,

203 3152 257 3188 se
285 3137 687 3198 raccogliendosi
717 3137 783 3184 da
813 3137 959 3202 tante
988 3149 1016 3194 e
1046 3135 1090 3184 si
1128 3137 1326 3184 diverse
1369 3134 1573 3194 regioni
1615 3148 1644 3182 e
1686 3134 1837 3194 genti
1878 3147 2111 3183 avessero

205 3212 404 3261 trovato
435 3211 737 3260 dominante
765 3211 822 3257 in
857 3210 1035 3271 queste
1055 3210 1191 3258 terre
1213 3211 1365 3257 alcun
1389 3209 1639 3268 principe,
1663 3208 1699 3254 il
1721 3210 1870 3268 quale
1892 3223 1921 3256 o
1942 3222 2117 3257 avessc

205 3287 260 3333 in
289 3285 510 3345 sospetto
539 3285 558 3331 i
587 3286 695 3332 loro
727 3283 968 3343 principi,
997 3296 1033 3330 o
1063 3283 1170 3343 egli
1205 3283 1481 3330 medesimo
1502 3282 1631 3330 fosse
1652 3295 1683 3328 a
1707 3282 1876 3342 questi
1897 3282 2121 3340 sospetto

207 3360 270 3407 ed
301 3357 549 3407 avverso?
582 3357 908 3417 Imperocche
938 3369 1153 3404 corrono
1184 3358 1232 3404 al
1265 3348 1558 3404 cristiano'e
1581 3356 1629 3402 al
1653 3355 1901 3403 cittadino
1934 3356 2123 3414 proprii

209 3433 400 3493 doveri‚
432 3444 538 3480 non
573 3433 886 3481 certamente
918 3431 1163 3479 contrarii
1192 3431 1275 3479 tra
1304 3432 1430 3491 lor0‚
1465 3442 1552 3483 ma
1582 3430 1896 3477 nondimeno
1919 3429 2124 3482 diversi,

209 3505 228 3551 i
256 3505 397 3566 quali
423 3505 480 3551 in
511 3501 604 3554 che
634 3506 783 3552 modo
816 3504 1119 3564 potrebbero
1151 3503 1419 3563 compiersi
1452 3503 1533 3550 da’
1557 3502 1772 3550 Vescovi
1804 3502 1934 3550 sein
1957 3502 2116 3548 Roma

213 3590 316 3638 non
362 3577 650 3627 sussistesse
700 3591 773 3625 un
823 3578 943 3627 civil
991 3578 1301 3644 principatO,
1350 3577 1530 3641 quale
1562 3577 1729 3637 quello
1761 3575 1839 3623 de’
1860 3574 2121 3633 Ponteflci,
