2488 4290
415 275 505 324 238

474 379 639 427 Huius
679 378 890 426 Concilii
930 378 1044 428 acta
1084 378 1354 427 hodiedum
1384 378 1658 437 supersunt
1687 390 1887 439 graece,
1920 380 1971 427 et
2002 392 2067 427 ex
2100 379 2301 430 vetusta

415 454 577 502 latina
606 453 852 510 versione.

476 527 826 576 Interfuerunt
853 528 942 576 210
961 528 1209 587 Episcopi,
1232 527 1417 588 quibus
1437 526 1876 575 vehementissime
1904 528 2303 579 adversabantur

419 604 506 652 alii
533 604 592 650 30
622 603 819 651 circiter
850 603 1097 661 Episcopi,
1143 602 1369 650 Nestorio
1413 600 1659 660 faventeS,
1708 602 1773 648 ad
1803 595 2123 650 schismatica
2151 603 2304 654 etiam

419 677 774 726 conventicula
803 677 1037 736 prolapsi.

478 752 716 800 Actiones
745 751 851 798 sive
882 750 1137 798 Sessiones
1166 750 1391 797 eiusdem
1410 748 1504 796 VII
1526 753 1881 810 numerantur,
1906 763 2124 811 quarum
2143 752 2308 811 prima

420 826 596 874 habita
626 826 703 874 est
732 826 812 872 die
841 825 900 873 22
929 825 1078 879 iunii,
1110 823 1292 871 ultima
1322 823 1428 871 sive
1459 824 1552 869 VII
1583 824 1663 870 die
1693 825 1750 871 31
1797 825 2036 885 augusti3
2083 826 2309 886 adeoque

419 902 556 948 istud
602 900 883 947 Concilium
927 898 1131 945 duravit
1160 898 1190 946 2
1219 910 1418 944 menses
1462 898 1513 945 et
1542 898 1571 945 9
1602 898 1732 958 dies;
1780 899 2015 959 quamvis
2059 900 2307 960 Episcopi,

423 974 653 1022 absoluta
683 986 853 1021 rerum
882 973 938 1018 in
969 972 1191 1020 Concilio
1222 973 1567 1031 gerendarum
1607 973 1750 1033 serie,
1797 973 2110 1033 aliquamdiu
2144 973 2310 1021 adhuc

422 1050 611 1108 postea,
638 1061 741 1095 non
762 1048 871 1095 sine
892 1047 1059 1094 taedio
1083 1047 1488 1108 gravissimaque
1508 1047 1753 1107 molestia,
1775 1060 1864 1107 per
1884 1048 2119 1095 subdolas
2138 1048 2310 1096 adver·

423 1124 670 1172 sariorum
700 1122 833 1169 artes
862 1122 1006 1169 iussu
1036 1121 1359 1180 Imperatoris
1390 1123 1534 1182 quasi
1564 1135 1654 1181 per
1684 1122 1790 1170 vim
1820 1122 2013 1169 detenti
2040 1122 2250 1170 fuerint.

483 1200 543 1245 In
571 1198 666 1245 hoc
696 1197 917 1244 Concilio
948 1197 1220 1244 damnatus
1250 1196 1403 1256 atque
1434 1197 1690 1256 depositus
1720 1198 1796 1244 est
1825 1197 2082 1244 Nestorius
2111 1197 2313 1258 propter

422 1272 632 1331 impiam
661 1283 806 1317 suam
834 1271 1112 1330 haeresim3
1146 1270 1334 1329 pariter
1366 1270 1594 1317 damnati
1626 1270 1748 1317 sunt
1777 1270 2043 1330 Pelagiani
2072 1283 2190 1318 cum
2209 1272 2315 1319 suis

425 1348 696 1406 erroribuS,
729 1346 915 1406 aliique
947 1345 1210 1393 haeretici:
1244 1346 1522 1393 nonnullae
1553 1345 1708 1393 etiam
1739 1357 1922 1393 causae
1948 1345 2083 1394 inter
2118 1346 2316 1406 Episco-

426 1435 516 1481 pos
535 1420 805 1481 iudicatae,
828 1420 878 1469 et
898 1421 1051 1480 pauci
1080 1420 1312 1468 Canones
1343 1421 1640 1480 disciplinae
1673 1421 2046 1485 ecclesiasticae,
2067 1421 2208 1482 editi,
2228 1423 2316 1486 qui

427 1497 725 1563 spectabant
753 1497 819 1545 ad
847 1495 1062 1545 Nestorii
1091 1496 1362 1544 factionem
1393 1497 1785 1556 reprimendam.

943 1686 1415 1746 OECUMENICUM
1457 1687 1773 1755 QUARTUM
1785 1731 1796 1744 .

1088 1847 1662 1897 chalcedonense.

490 1979 772 2026 Concilium
817 1977 1223 2025 Chalcedonense
1269 1976 1500 2044 habitum
1552 1976 1628 2023 est
1673 1989 1718 2022 a.
1767 1975 1872 2035 451,
1919 1976 2013 2023 sub
2060 1976 2110 2022 S.
2158 1976 2324 2024 Leone

431 2056 638 2113 Magno,
686 2054 911 2099 Romano
957 2052 1217 2110 Pontifice,
1266 2051 1469 2110 propter
1514 2051 1763 2098 haeresim
1808 2050 2125 2110 EutychetiS,
2164 2050 2325 2098 archi-

430 2128 714 2175 mandritae
730 2139 819 2174 seu
837 2126 1048 2173 Abbatis
1067 2124 1633 2184 Constantinopolitani,
1657 2125 1925 2172 asserentis
1943 2138 2102 2171 unam
2121 2124 2325 2172 tantum

429 2204 485 2249 in
517 2202 715 2250 Christo
747 2201 1005 2260 naturam,
1028 2201 1166 2248 unde
1186 2200 1408 2248 haeresis
1427 2199 1620 2247 isthaec
1649 2199 2056 2258 Monophysitica
2076 2199 2327 2259 appellata

431 2277 546 2324 fuit.

490 2351 618 2399 Acta
660 2350 815 2398 huius
859 2349 1069 2398 Concilii
1114 2349 1391 2410 supersunt
1437 2361 1623 2408 graece
1660 2347 1712 2396 et
1742 2361 1808 2396 ex
1839 2348 1997 2396 veteri
2027 2348 2188 2395 latina
2217 2361 2327 2396 ver·
2423 2385 2428 2387 -

434 2438 589 2472 smne.

490 2500 844 2547 Interfuerunt
876 2499 1038 2546 eidem
1068 2499 1156 2546 630
1188 2498 1447 2558 Episcopi;
1478 2498 1533 2543 in
1564 2510 1671 2544 una
1703 2497 1931 2544 Sessione
1962 2497 2031 2543 VI
2054 2496 2328 2556 Imperator

433 2588 632 2634 quoque
664 2574 954 2621 Marcianus
985 2586 1224 2633 praesens
1254 2572 1374 2620 fuit.

493 2648 838 2695 Numerantur
871 2649 979 2694 XVI
1012 2648 1267 2706 ActioneS‚
1297 2647 1370 2694 ita
1400 2646 1622 2707 quidem,
1655 2645 1715 2692 ut
1743 2638 2134 2706 nonnumquam
2154 2645 2330 2692 eadem

434 2722 514 2769 die
543 2722 693 2768 binae
723 2721 927 2768 habitae
957 2721 1177 2781 fuerint3
1215 2721 1469 2768 durarunt
1500 2733 1531 2767 a
1562 2721 1642 2767 die
1672 2721 1703 2766 8
1732 2719 1948 2787 octobris
1986 2731 2149 2779 usque
2179 2719 2246 2766 ad
2275 2720 2331 2767 fi-

434 2808 552 2843 nem
581 2796 778 2843 iusdem
809 2795 1014 2854 mensiS,
1047 2796 1274 2855 adeoque
1304 2807 1393 2853 per
1424 2794 1528 2842 tres
1557 2794 1911 2842 hebdomades

495 2870 555 2915 In
586 2869 681 2916 hoc
711 2869 932 2916 Concilio
964 2869 1078 2927 post
1107 2868 1398 2927 legitimum
1430 2869 1491 2916 de
1523 2868 1758 2916 Dioscoro
1804 2867 2190 2927 Archiepiscopo
2221 2868 2333 2914 Ale-

437 2944 711 3003 xandrino,
745 2943 1047 3001 Eutychetis
1077 2943 1349 3002 praecipuo
1379 2942 1594 3002 fautore,
1625 2942 1875 2989 iudicium
1903 2942 2113 3001 eiusque
2143 2941 2333 3000 deposi-

437 3019 646 3076 tionem,
682 3016 891 3063 definita
920 3015 996 3063 est
1025 3017 1150 3064 fides
1180 3015 1427 3063 catholica
1466 3016 1643 3062 contra
1687 3015 1903 3063 Nestorii
1943 3014 1994 3061 et
2033 3013 2334 3073 Eutychetis

437 3102 631 3139 errores
662 3090 930 3149 oppositos.
966 3090 1231 3138 Praeterea
1261 3090 1434 3137 variae
1465 3089 1837 3137 controversiae
1868 3088 2232 3136 ecclesiasticae
2259 3099 2334 3135 so-

439 3165 598 3212 lemni
627 3165 816 3212 iudicio
847 3164 1124 3223 diremptae
1154 3165 1395 3223 fuerunt3
1427 3177 1487 3211 ac
1517 3164 1736 3223 denique
1758 3163 1817 3209 30
1837 3163 2068 3210 Canones
2099 3163 2164 3209 ad
2193 3162 2336 3209 disci-

438 3239 633 3298 plinam
662 3237 1051 3285 ecclesiasticam
1080 3237 1395 3297 pertinentes
1426 3238 1548 3284 editi
1585 3237 1724 3296 sunt,
1758 3249 1975 3296 quorum
2003 3237 2177 3283 tamen
2211 3249 2335 3284 non-

442 3312 542 3358 nisi
571 3311 630 3359 27
660 3312 851 3370 priores
882 3311 1096 3359 Romani
1126 3311 1384 3358 Pontificis
1415 3310 1830 3370 approbationem
1860 3310 2140 3358 obtinuere.

502 3385 692 3433 Notatu
737 3385 959 3443 dignum
1003 3385 1096 3444 est,
1144 3385 1201 3430 in
1247 3385 1459 3432 Actione
1490 3387 1533 3431 V
1577 3383 1842 3443 deputatos
1870 3384 2026 3431 fuisse
2053 3384 2114 3432 23
2143 3379 2356 3443 PatreS,'
2455 3370 2488 3391 '³

443 3459 632 3517 scilicet
673 3458 890 3530 Legatos
934 3455 1164 3517 Romani
1190 3458 1446 3517 Pontificis
1487 3458 1537 3507 et
1566 3458 1833 3527 Episcopos
1862 3457 2227 3512 eminentiores
2259 3469 2326 3506 ex
