2488 4290
18 2935 23 2941 «
0 2675 19 2893 ‘'we-‘9¹¹³'
0 2635 4 2642 ⁷
0 2590 5 2607 “

42 2858 55 2878 o
37 2778 44 2799 -

14 4020 20 4027 ·
9 3978 26 3997 ,ἲ
9 3919 27 3961 ⁴⁶.
5 3830 15 3908 κη.
2 3730 18 3822 -s—rso
3 3708 6 3718 -
0 3437 20 3699 -so-Qmw-
0 3115 19 3425 ‚rw-w12-cw',

49 4017 52 4023 .
61 3995 63 3997 ι
56 3872 67 3883 Ι
51 3198 53 3200 .
63 3038 70 3052 9

2015 334 2099 382 155

265 448 313 504 c)
362 430 601 494 Tertium
640 447 718 495 est
755 439 1067 510 periculum
1097 442 1479 508 persecutioniS,
1523 457 1583 493 ex
1619 445 1770 507 parte
1797 440 2095 492 Gube‘rnio-

191 544 332 593 rum,
376 529 574 594 quibus
610 542 932 597 persuasum
972 535 1050 581 est
1084 526 1402 595 pontificiae
1439 525 1853 578 infallibilitatis
1899 525 2095 577 defini-

194 616 400 667 tionem
441 630 631 667 eorum
675 615 1130 682 independentiae
1170 615 1456 680 negationi
1496 610 1851 679 aequivalere.

263 701 321 771 d)
358 700 628 762 Quartum
681 708 759 754 est
808 702 1113 768 periculum
1165 701 1465 753 omnimodae
1506 714 1783 768 pressurae
1831 714 1893 750 ex
1941 706 2096 766 parte

192 787 470 853 opinionis
508 786 778 857 publicae,
820 803 960 854 quae
1000 787 1200 839 nostris
1240 787 1431 839 diebus
1483 792 1694 839 tantam
1744 786 1857 837 vim
1908 786 2089 848 habet,

192 877 246 924 et
281 887 314 923 a
348 874 564 925 secretis
603 874 949 926 societatibus
975 871 1244 926 Ecclesiae
1272 872 1525 939 insensiS,
1555 888 1656 940 ope
1685 873 2094 940 periodicorum

189 959 537 1026 scriptorum,
584 959 861 1023 dirigitur.

262 1043 315 1115 e)
364 1044 626 1106 Quintum
686 1053 766 1097 est
820 1046 1133 1113 periculum
1190 1048 1400 1100 obicem
1456 1048 1698 1113 ponendi
1754 1045 2099 1099 conversioni

15 1119 38 1132 ”
71 1152 118 1208 ᾖ
189 1133 611 1201 protestantium
663 1138 716 1185 et
762 1133 1248 1186 schismaticorum
1305 1135 1371 1186 ad
1431 1133 1754 1186 catholicam
1814 1135 2098 1186 veritatem

189 1219 365 1271 redire
413 1219 790 1287 cupientium3
850 1220 1154 1272 affirmatur
1212 1222 1363 1272 enim
1402 1236 1434 1271 a
1472 1221 1757 1288 pontificia
1795 1217 2103 1272 infallibili-

193 1309 299 1357 tate
337 1306 506 1358 etiam
543 1306 822 1373 piissimos
859 1306 1005 1359 inter
1041 1304 1166 1358 illos
1203 1307 1563 1359 vehementer
1599 1306 1908 1359 abhorrere.

252 1391 317 1456 s)
356 1391 579 1444 Sextum
619 1399 699 1445 est
735 1391 1047 1460 periculum
1086 1390 1435 1445 difficultates
1488 1393 1728 1460 augendi
1769 1393 2099 1445 defensionis

192 1478 493 1545 catholicae
530 1479 773 1531 veritatis
810 1485 998 1532 contra
1049 1479 1374 1532 haereticos.
1435 1483 1567 1533 Cum
1619 1482 1765 1534 enim
1816 1481 2101 1546 hucusque

192 1564 258 1617 de
297 1565 401 1617 hac
435 1566 658 1618 veritate
698 1581 826 1618 curn
864 1566 1000 1634 ipsis
1027 1565 1190 1618 silere
1216 1566 1455 1630 licuerit,
1491 1571 1552 1618 in
1577 1573 1858 1634 posterum
1883 1581 2104 1632 respon·

193 1650 319 1704 dere
356 1666 569 1705 necesse
607 1652 710 1704 erit
747 1653 1149 1704 obiectionibus
1188 1653 1302 1704 sive
1330 1653 1666 1718 dogmaticis
1692 1653 1802 1705 sive
1827 1651 2103 1704 historicis

189 1751 329 1804 quae
364 1738 467 1806 ipsi
507 1740 708 1808 opponi
747 1736 991 1807 possunt.

256 1824 316 1886 ¹B.
370 1826 463 1878 His
518 1825 775 1893 periculis
832 1828 1091 1895 expensis,
1159 1828 1514 1895 expendenda
1572 1827 1804 1879 veniunt
1860 1827 2103 1879 eiusdem

191 1895 529 1965 definitionis
568 1912 833 1977 commoda,
879 1928 1022 1979 quae
1061 1912 1171 1965 fere
1210 1919 1343 1965 sunt
1379 1915 1681 1980 sequentia.

263 1997 323 2068 a)
362 1999 619 2052 Centrum
657 1999 1056 2052 ecclesiasticae
1112 2000 1338 2051 unitatis
1390 2006 1503 2051 tota
1551 2016 1649 2052 sua
1703 1999 1961 2053 firmitate
2010 2015 2105 2068 po-

193 2086 370 2150 tietur,
415 2091 469 2137 et
505 2087 572 2138 ab
611 2087 868 2138 omnibus
905 2086 1138 2138 internis
1177 2086 1617 2152 aggressionibus
1657 2087 1998 2139 liberabitur.

262 2170 318 2239 b)
356 2172 571 2238 Procul,
617 2188 679 2224 eo
718 2173 851 2239 ips0,
898 2172 1342 2225 amandabuntur
1378 2188 1570 2226 omnes
1610 2172 1740 2224 illae
1781 2172 2098 2235 divisioneS,

190 2259 303 2311 sive
339 2257 703 2327 speculativae
741 2260 851 2310 sive
893 2259 1060 2311 etiam
1114 2260 1369 2326 praticae,
1429 2275 1493 2311 ex
1544 2257 1868 2327 pontificiae
1924 2265 2107 2310 aucto-

191 2346 367 2399 ritatis
388 2346 519 2399 odio
538 2352 717 2410 natae,
743 2361 882 2412 quae
904 2344 1252 2412 Iansenismi,
1275 2347 1736 2413 Febronianismi,
1763 2344 2107 2412 aliorumque

193 2446 444 2485 errorum
481 2433 871 2500 propagationi
910 2434 1174 2497 faverunt,
1210 2438 1263 2484 et
1295 2432 1557 2486 Ecclesiae
1583 2434 1719 2501 paci,
1753 2448 1852 2499 per
1875 2438 2110 2498 quatuor

191 2517 426 2586 saecula,
467 2520 783 2585 gravissime
823 2526 1133 2572 nocuerunt
1172 2525 1226 2572 et
1262 2520 1576 2571 etiamnum
1617 2526 1829 2572 nocent.

266 2609 318 2669 c)
357 2605 664 2659 Concilium
703 2622 828 2659 cum
866 2606 1048 2658 multo
1086 2605 1301 2675 maiori]
1339 2605 1630 2672 celeritate,
1689 2607 1897 2659 unione
1935 2613 1990 2657 et
2025 2622 2109 2659 se-

193 2693 417 2745 curitate
441 2707 701 2757 magnam
719 2709 878 2746 suam
904 2693 1223 2745 missionem
1242 2693 1472 2760 implere
1499 2694 1718 2761 poterit,
1749 2708 1874 2745 cum
1900 2693 2102 2745 hucus-

192 2792 301 2844 que
339 2793 402 2831 ex
437 2779 679 2833 dissidiis
718 2780 787 2831 ad
842 2781 987 2832 hanc
1043 2780 1266 2831 unicam
1309 2781 1688 2846 quaestionem
1738 2780 2110 2846 spectantibus

193 2865 392 2930 ingens
431 2872 548 2918 orta
599 2866 669 2917 sit
722 2867 985 2934 temporis
1033 2872 1087 2919 et
1136 2866 1533 2920 aedificationis
1583 2869 1820 2933 iactura,
1878 2882 2110 2933 cumque

194 2950 424 3018 praelati
462 2967 588 3018 erga
626 2952 880 3005 Sanctam
921 2953 1117 3005 Sedem
1154 2953 1293 3006 bene
1332 2953 1515 3005 affecti
1556 2969 1619 3007 ea
1656 2969 1795 3021 quae
1846 2954 2111 3005 reforma-

197 3038 344 3089 tione
400 3037 647 3104 indigere
707 3046 938 3106 possunt
991 3020 1237 3091 indicare
1297 3039 1385 3090 vix
1439 3040 1721 3105 auderent,
1780 3040 1848 3092 ob
1899 3040 2109 3091 iustum

198 3124 454 3176 timorem
491 3138 561 3176 ne
601 3140 796 3177 eorum
834 3125 1335 3191 animadversiones
1372 3125 1576 3179 malam
1604 3128 1665 3178 in
1693 3132 1904 3195 partem
1932 3124 2110 3176 trahe-

197 3216 404 3276 rentur,-
449 3210 590 3278 iam,
627 3212 782 3264 omni
819 3211 1067 3278 periculo
1107 3212 1344 3279 sublat0,
1379 3214 1690 3266 coniunctis
1715 3214 1927 3266 viribus
1965 3211 2111 3263 chri-

195 3298 406 3352 stianae
443 3298 584 3350 vitae
621 3299 966 3355 renovationi
1005 3296 1339 3352 collaborare
1379 3306 1651 3368 poterunt.

269 3383 332 3454 d)
370 3385 535 3436 Multo
575 3383 795 3438 facilior
835 3386 896 3435 in
932 3393 1212 3452 posterum
1251 3384 1347 3437 fiet
1395 3385 1790 3446 universalium
1845 3381 2108 3436 Concilio-

197 3485 325 3523 rum
363 3471 642 3537 adunati0,
695 3473 804 3538 cui,
859 3477 981 3539 post
1038 3471 1449 3525 Constantiense
1507 3473 1810 3539 decretum,
1871 3471 2106 3522 maxime

201 3556 413 3610 obstitit
451 3557 699 3613 infensus
739 3573 866 3627 erga
903 3560 1214 3614 Romanum
1232 3549 1555 3614 Pontificem
1586 3559 1957 3628 quorumdam
1984 3556 2106 3625 Epi-
