2488 4290
250 419 471 468 Abbates
501 420 766 479 generales
795 417 980 479 parati.

250 494 470 560 Abbates
500 493 694 542 nullius
723 491 964 542 dioecesis
993 492 1176 553 parati.

250 568 480 630 Episcopi

245 639 624 699 Archiepiscopi
1137 568 1156 733 ζ
1207 627 1332 668 parati,
1359 625 1453 658 :uxta
1479 623 1634 658 ordinem
1672 630 1751 656 suae
1783 623 2013 665 promotionis
2037 624 2090 656 in-

250 710 494 759 primates
1247 678 1421 712 cedentes.

249 784 570 836 patriarchae
600 785 781 846 parati.

1216 857 1444 906 Diaconi.

248 932 541 983 cardinales
1138 869 1154 1042 3
1215 927 1523 987 Presbyteri.

1220 999 1467 1059 Episcopi.

248 1091 670 1144 Reverendissimi
700 1092 951 1152 Episcopi,
985 1088 1381 1150 Archiepiscopi,
1404 1087 1652 1136 Primates
1683 1087 1734 1135 et
1771 1086 2095 1136 patriarchae

189 1182 353 1220 unum
383 1168 712 1228 sacerdotem,
745 1179 835 1215 seu
869 1167 1224 1227 cappellanum
1258 1165 1398 1213 veste
1418 1163 1569 1211 talari
1588 1162 1848 1223 indutum,
1874 1162 2098 1223 itemque

189 1243 577 1294 eminentissimi
620 1241 913 1290 Cardinales
959 1253 1125 1288 unum
1154 1238 1483 1298 sacerdotem,
1517 1250 1578 1286 ac
1616 1238 1827 1297 insuper
1859 1237 2098 1285 caudata-

189 1320 324 1369 rium
352 1319 409 1366 in
446 1316 761 1378 processione
808 1315 1088 1363 habebunt.
1138 1312 1585 1362 Eminentissimus
1628 1311 1914 1360 cardinalis
1959 1312 2097 1372 prior

189 1385 607 1456 presbyterorum
635 1390 862 1451 pluviale
890 1389 1108 1437 indutus
1135 1387 1338 1436 incedet
1364 1387 1421 1433 in
1442 1386 1761 1446 processione
1781 1386 1963 1434 ultimo
1983 1387 2094 1434 loco

188 1468 323 1518 inter
366 1467 660 1516 Cardinales
701 1464 1043 1525 presbyteros.
1093 1463 1254 1523 Prope
1299 1463 1510 1509 ianuam
1554 1462 1828 1522 cappellae,
1876 1461 2092 1523 quisque

189 1544 395 1595 mltram
424 1543 520 1591 sibi
548 1541 792 1602 imponet.

250 1618 466 1669 Senator
497 1617 549 1666 et
579 1616 962 1666 conservatores
992 1614 1135 1663 urbis
1166 1613 1217 1663 et
1247 1613 1334 1662 alii
1366 1612 1520 1662 duces
1560 1612 1622 1661 de
1669 1612 1900 1661 custodia
1930 1612 2099 1661 Ponti·

190 1696 300 1745 ficis
330 1692 634 1753 nuncupati.
2070 1702 2078 1708 ·

250 1768 685 1819 Vicecamerarius
714 1779 876 1828 cappa
906 1765 1121 1815 indutus
1151 1777 1183 1813 a
1213 1764 1408 1815 dextris
1438 1764 1690 1825 Principis
1720 1764 1832 1813 solii
1872 1764 2096 1813 custodis

192 1845 419 1894 Concilii.
1780 1852 1781 1855 ’

250 1921 362 1969 Duo
393 1919 725 1980 protonotarii
755 1918 818 1967 de
847 1930 1062 1967 numero
1092 1916 1515 1977 participantium
1544 1915 1732 1964 notarii
1763 1914 1974 1963 Concilii
2006 1928 2099 1975 pro

193 1996 334 2046 veste
364 1995 545 2055 Papae.

251 2070 536 2119 Cardinalis
563 2069 808 2118 diaconus
838 2068 1173 2128 evangelium
1201 2068 1257 2115 in
1289 2067 1488 2115 actione
1527 2065 1764 2125 synodali
1795 2066 2097 2114 cantaturus

191 2145 390 2195 medius
417 2144 551 2192 inter
581 2143 708 2191 duos
738 2143 1034 2191 Gardinales
1065 2143 1305 2190 diaconos
1335 2141 1646 2189 assistentes

249 2221 363 2268 Duo
394 2219 831 2267 caeremoniarum
861 2218 1100 2278 magistri
1132 2217 1428 2265 assistentes
1458 2217 1640 2276 Papae.

251 2295 494 2343 Summus
538 2293 773 2342 Pontifex
819 2293 935 2342 sede
982 2293 1180 2341 delatus
1221 2292 1316 2340 sub
1356 2291 1708 2352 baldacchino,
1742 2290 1890 2339 cuius
1920 2290 2100 2340 hastae

193 2370 484 2419 deferentur
513 2381 545 2416 a
574 2369 876 2429 signaturae
906 2367 1280 2416 referendariis,

251 2445 365 2493 Duo
394 2443 694 2492 cubicularii
725 2443 903 2490 secreti
935 2441 1373 2502 supranumerarii
1405 2440 1687 2489 deferentes
1717 2439 1931 2490 flabella.

251 2519 486 2568 Decanus
505 2518 662 2566 Rotae
682 2516 915 2565 minister
936 2517 998 2564 de
1017 2516 1172 2564 mitra
1197 2516 1332 2566 inter
1364 2515 1491 2563 duos
1523 2516 1742 2564 secretos
1764 2515 2100 2564 cubicularios

195 2593 555 2643 ecclesiasticos
585 2592 648 2642 de
678 2603 894 2640 numero
925 2591 1363 2652 participantium.

253 2667 543 2716 servientes
586 2678 843 2715 armorum
859 2701 872 2726 ,
918 2665 1151 2714 mazzerii
1197 2665 1486 2725 nuncupati
1533 2677 1564 2712 a
1608 2665 1854 2714 lateribus
1901 2665 2100 2713 Summi

195 2741 454 2790 Pontificis
481 2741 791 2790 incedentes.

253 2816 499 2865 Cantores
527 2817 641 2865 octo
669 2815 990 2876 praedictum
1020 2815 1280 2875 hymnum
1312 2815 1657 2864 concinentes.

255 2891 471 2940 Auditor
491 2891 543 2940 et
561 2891 912 2939 thesaurarius
932 2890 1174 2940 Gamerae
1194 2890 1497 2951 apostolicae
1526 2902 1645 2939 cum
1675 2891 1908 2951 praesule
1930 2891 2103 2939 domui

196 2966 487 3027 pontificiae
515 2965 803 3026 praeposito
834 2978 954 3014 cum
983 2965 1173 3026 cappis.

255 3041 456 3102 Reliqui
499 3042 719 3102 quatuor
764 3040 1097 3100 protonotarii
1145 3041 1207 3089 de
1254 3053 1467 3089 numero
1514 3040 1935 3102 participantium
1966 3042 2102 3092 inter

198 3128 326 3177 quos
346 3113 743 3164 subsecretarius
763 3115 975 3164 Concilii
993 3128 1102 3164 una
1123 3129 1241 3165 cum
1254 3117 1508 3177 praefecto
1529 3115 1751 3165 cubiculi
1773 3129 1891 3164 cum
1906 3118 2095 3178 cappis.

257 3191 529 3239 Generales
559 3190 610 3238 et
631 3190 821 3245 Vicarii
851 3191 1119 3249 generales
1150 3190 1632 3251 congregationum
1663 3192 1999 3251 regularium.

261 3264 536 3312 Generales
580 3265 632 3312 et
670 3263 859 3312 Vicarii
901 3264 1170 3323 generales
1214 3264 1462 3313 Ordinum
1506 3276 1597 3312 seu
1627 3264 2105 3325 congregationum

199 3338 598 3388 monasticarum
627 3338 807 3385 mitrae
839 3350 991 3385 usum
1022 3350 1128 3385 non
1158 3338 1479 3387 habentium.

258 3412 529 3460 Generales
558 3414 610 3461 et
639 3413 827 3461 Vicarii
859 3414 1126 3473 generales
1158 3413 1410 3462 Ordinum
1439 3415 1862 3463 mendicantium.

259 3485 447 3534 Omnes
490 3498 609 3534 cum
651 3486 832 3535 habitu
876 3487 956 3535 sui
998 3487 1241 3547 instituti,
1281 3488 1333 3537 et
1362 3490 1451 3550 qui
1482 3490 1650 3540 clerici
1681 3491 1945 3549 regulares
1980 3491 2105 3538 sunt

200 3559 419 3614 biretum
448 3573 570 3622 prae
599 3562 836 3611 manibus
863 3561 1071 3611 tantum
1101 3563 1398 3623 gestabunt.
