2488 4290
373 329 457 384 106
532 399 540 407 ἡ

374 449 699 514 amplissimi
756 456 1139 514 provenerunt.
1202 437 1340 497 Hinc
1389 441 1535 498 enim
1590 442 1930 499 sanctissima
1984 441 2264 513 religionis

372 537 622 600 dogmata
681 536 914 601 pressius
978 533 1207 585 definita
1232 576 1244 594 ‚
1314 534 1643 599 uberiusque
1707 535 1949 600 exposita
1975 578 1986 598 ,
2055 549 2265 587 errores

372 622 616 672 damnati
642 628 804 686 atque
832 621 1060 671 cohibiti
1076 634 1093 687 3
1138 619 1269 669 hinc
1296 619 1664 670 ecclesiastica
1702 619 1987 686 disciplina
2023 622 2266 671 restituta

373 706 693 772 firmiusque
733 708 950 764 sancita.
998 711 1315 772 promotum
1356 706 1417 754 in
1457 705 1609 756 Clero
1666 707 1922 757 scientiae
1961 713 2014 756 et
2055 705 2267 772 pietatis

372 794 637 854 studium,
670 800 857 857 parata
882 790 1319 842 adolescentibus
1345 792 1412 841 ad
1436 807 1646 843 sacram
1681 791 1934 845 militiam
1975 791 2269 844 educandis

374 877 619 943 collegia,
668 878 948 928 christiani
988 877 1226 942 denique
1277 875 1470 943 populi
1527 893 1705 929 mores
1744 885 1810 928 et*
1835 881 2168 930 accuratiore
2207 876 2269 926 fi-

373 964 579 1015 delium
608 963 912 1014 eruditione
940 969 992 1013 et
1020 961 1390 1027 frequentiore
1416 970 1883 1015 sacramentorum
1919 980 2022 1014 usu
2059 965 2267 1014 instau-
2309 969 2316 986 ’

370 1051 493 1100 rati.
538 1050 675 1100 Hinc
714 1055 997 1113 praeterea
1036 1050 1232 1099 arctior
1270 1050 1650 1101 membrorum
1690 1064 1814 1100 cum
1854 1049 2056 1101 visibili
2097 1046 2269 1116 capite

372 1135 709 1195 communic,
736 1136 1105 1199 universoque
1134 1135 1345 1200 corpori
1377 1133 1577 1184 Christi
1599 1136 1829 1200 mystico
1850 1135 2066 1186 additus
2089 1135 2263 1200 vigor;

372 1221 502 1270 hinc
558 1219 849 1285 religiosae
907 1218 1300 1284 multiplicatae
1360 1219 1622 1285 familiae,
1674 1219 1891 1285 aliaque
1947 1220 2270 1291 christianae

373 1305 589 1370 pietatis
627 1306 905 1370 instituta;
955 1305 1087 1355 hinc
1122 1303 1216 1355 ille
1257 1306 1422 1356 etiam
1462 1307 1710 1358 assiduus
1749 1314 1802 1357 et
1839 1321 2009 1371 usque
2047 1305 2110 1355 ad
2152 1290 2272 1356 san-

372 1391 553 1455 guinis
604 1392 930 1442 effusionem
983 1396 1233 1442 constans
1284 1382 1446 1442 ardor
1481 1392 1539 1441 in
1580 1392 1774 1444 Christi
1827 1407 1994 1457 regno
2019 1385 2137 1441 >late
2175 1404 2272 1467 per

374 1477 559 1529 orbem
598 1477 967 1543 propagando

443 1563 834 1614 Verumtamen
874 1563 1011 1614 haec
1048 1561 1262 1629 aliaque
1298 1564 1536 1629 insignia
1575 1563 1962 1627 emolumenta,
2000 1579 2142 1630 quae
2180 1578 2278 1629 per

376 1650 631 1701 ultimam
685 1650 917 1699 maxime
968 1650 1379 1700 oecumenicam
1435 1650 1715 1715 Synodum
1766 1650 1950 1700 divina
1989 1647 2275 1701 clementia

376 1734 639 1787 Ecclesiae
678 1736 872 1799 largita
909 1742 1005 1800 est,
1050 1735 1180 1786 dum
1221 1743 1387 1799 grato,
1432 1751 1540 1801 quo
1579 1750 1676 1801 par
1723 1743 1820 1800 est,
1862 1737 2049 1787 animo
2087 1733 2276 1786 recoli-

381 1838 527 1887 mus;
573 1822 830 1873 acerbum
871 1836 1212 1888 compescere
1250 1821 1398 1871 haud
1438 1837 1726 1886 possumus
1761 1821 2008 1872 dolorem
2036 1821 2104 1872 ob
2131 1818 2277 1871 mala

380 1908 712 1973 gravissima,
742 1907 870 1956 inde
896 1907 1243 1973 potissimum
1271 1912 1406 1971 orta,
1435 1907 1580 1971 quod
1621 1907 1867 1959 eiusdem
1906 1911 2275 1958 sacrosanctae

379 2145 697 2195 provennero
727 2137 782 2181 in
824 2136 1016 2183 somma
1063 2137 1221 2194 copia.
1263 2138 1338 2183 Da
1381 2137 1561 2195 questo
1609 2136 1834 2184 Concilio
1881 2136 2051 2184 insatti
2097 2135 2279 2184 furono

380 2210 470 2270 piu
501 2211 898 2269 espressamente
929 2210 1126 2258 definiti
1158 2224 1184 2257 0
1215 2211 1305 2269 piu
1348 2211 1760 2258 ubertosamente
1807 2211 1993 2269 esposti
2034 2211 2051 2255 i
2091 2206 2280 2258 dommi

380 2286 660 2332 santissimi
684 2286 814 2332 della
835 2285 1100 2344 religione,
1126 2287 1255 2332 colla
1277 2287 1547 2333 condanna
1568 2299 1594 2332 e
1622 2285 2117 2333 coll’infrenamento
2138 2283 2279 2344 degli

380 2361 567 2419 errori,
602 2362 666 2406 da
698 2360 876 2417 questo
909 2373 1076 2406 venne
1108 2360 1428 2419 reintegrata
1459 2362 1510 2406 13
1554 2361 1822 2418 disciplina
1865 2359 2218 2418 ecclesiastica,
2252 2371 2280 2405 e

381 2434 470 2491 piu
501 2435 832 2480 fermamente
875 2435 1118 2493 stabilita,
1165 2437 1220 2481 fu
1266 2447 1523 2493 promosso
1571 2435 1654 2480 nel
1702 2434 1845 2481 Clero
1892 2434 2102 2480 l’amore
2148 2432 2280 2480 della

381 2510 579 2554 scienza
608 2521 634 2554 0
666 2509 799 2555 (10113
828 2508 983 2568 pieta,
1017 2511 1167 2555 furon
1199 2508 1458 2568 preparati
1488 2509 1506 2553 i
1538 2509 1722 2566 collegi
1753 2521 1842 2567 per
1874 2509 2091 2555 educare
2122 2509 2140 2553 i
2172 2508 2282 2566 gio-

381 2583 577 2629 vanetti
609 2584 707 2629 alla
738 2595 882 2629 sacra
914 2584 1116 2643 milizia,
1155 2583 1451 2630 finalmente
1507 2584 1525 2628 i
1567 2583 1784 2629 costumi
1833 2584 1914 2629 del
1959 2583 2140 2640 popolo
2187 2582 2281 2628 cri-

378 2658 543 2703 stiano
574 2658 754 2704 furono
785 2657 1050 2703 ristaurati
1081 2659 1207 2704 colla
1237 2658 1510 2704 istruzione
1540 2656 1633 2715 piu
1666 2657 1917 2715 diligente
1949 2657 2030 2705 dei
2060 2655 2219 2718 fedeli
2250 2669 2277 2703 e

383 2731 591 2777 coll'uso
622 2729 713 2787 piu
744 2731 1009 2788 frequente
1041 2732 1118 2777 de'
1138 2731 1463 2778 sacramenti.
1499 2732 1575 2775 Da
1606 2731 1786 2790 questo
1807 2742 2068 2788 provenne
2097 2728 2283 2794 inoltre

384 2817 489 2850 una
520 2805 606 2861 piu
639 2805 821 2850 stretta
853 2805 1158 2851 comunione
1197 2807 1323 2852 delle
1365 2806 1592 2852 membra
1634 2807 1710 2851 col
1754 2805 1890 2862 Oapo
1930 2804 2145 2862 visibile,
2181 2816 2208 2850 e
2239 2803 2281 2848 si

386 2880 645 2937 aggiunse
690 2880 933 2937 maggior
980 2880 1158 2937 vigore
1190 2893 1221 2925 a
1252 2879 1388 2925 tutto
1419 2879 1454 2924 il
1486 2891 1635 2937 corpo
1670 2878 1870 2925 mistico
1901 2879 1954 2925 di
1985 2878 2194 2936 Cristo,
2220 2876 2284 2924 da

387 2953 565 3010 questo
606 2954 922 3010 multiplicati
972 2955 1048 3012 gli
1096 2954 1262 3000 ordini
1310 2953 1539 3012 religiosi
1571 2965 1597 2999 0
1629 2954 1706 3011 gli
1738 2953 2078 2999 altriistituti
2109 2952 2161 2997 di
2190 2952 2285 2998 cri-

388 3027 556 3073 stiana
595 3026 758 3084 pieta3
808 3028 872 3073 da
920 3027 1100 3085 questo
1148 3027 1320 3074 altresi
1367 3027 1707 3084 quell'ardore
1753 3028 1957 3073 assiduo
1988 3040 2015 3074 e
2056 3025 2284 3095 costante

387 3103 498 3147 sino
530 3102 627 3146 allo
659 3102 1010 3160 spargimento
1041 3104 1119 3148 del
1153 3114 1371 3160 sangue,
1405 3102 1487 3147 nel
1522 3114 1803 3161 propagare
1843 3101 2160 3158 largamente
2203 3100 2284 3157 pel

387 3175 573 3222 mondo
604 3175 639 3219 il
671 3187 839 3235 regno
867 3176 919 3220 di
950 3175 1133 3222 Oristo.

452 3249 732 3307 Senonche,
765 3236 963 3295 mentre
995 3262 1088 3296 con
1121 3251 1273 3309 grato
1304 3252 1492 3309 31111110,
1526 3250 1686 3297 00111’0
1708 3251 1759 3296 (11
1779 3251 2009 3308 ragione,
2033 3260 2282 3296 rammen-

385 3325 540 3372 tiamo
569 3323 731 3381 questi
762 3335 788 3368 e
819 3323 894 3382 gli
925 3324 1041 3370 altri
1058 3325 1258 3383 ‘insigni
1278 3324 1606 3371 emolumenti
1626 3324 1718 3371 che
1739 3325 1789 3370 13
1810 3323 1986 3369 divina
2008 3322 2278 3371 Clemenza

388 3399 455 3446 ha
483 3397 673 3458 largito
705 3398 804 3442 alla
835 3397 1030 3457 Obiesa,
1069 3399 1482 3445 massimamente
1529 3411 1617 3456 per
1666 3410 1831 3445 mezzo
1878 3397 2179 3443 dell’ultimo
2210 3396 2283 3442 Si-

388 3474 519 3521 110ᾱο
550 3472 866 3531 ecumenico;
900 3485 1004 3518 11011
1036 3473 1284 3531 possiamo
1320 3473 1653 3531 comprimere
1698 3471 1922 3532 l’acerbo,
1970 3471 2153 3529 dolore,
2201 3471 2284 3528 pei

389 3548 510 3597 mali
539 3547 850 3607 gravissimi,
884 3546 1130 3605 originati
1162 3547 1586 3607 principalmente
1618 3546 1682 3594 da
1715 3545 1914 3605 quest0,
1942 3544 2034 3593 che
2065 3556 2094 3590 0
2126 3544 2284 3592 cadde
