2488 4290
485 321 573 371 250

482 414 561 465 sia
599 428 697 480 per
735 415 864 467 odio
903 414 1012 467 alla
1053 415 1256 479 Chiesa,
1301 416 1383 468 sia
1422 431 1521 481 per
1560 416 1773 482 ispirito
1833 415 1889 466 di
1953 411 2200 482 orgoglio
2264 432 2292 469 6
2334 411 2389 468 (11

483 500 686 552 vanita.
1480 491 1487 500 ’

569 607 588 631 ι
625 587 805 647 Questi
844 583 1080 652 giorn'ali
1121 603 1148 638 e
1206 592 1396 657 queste
1454 602 1684 654 persone
1742 586 1969 651 fingono
2010 576 2389 654 sopraffazi'oni

484 671 581 723 che
619 673 1013 724 attribuiscono
1054 672 1164 724 alla
1200 678 1352 739 parte
1390 672 1641 724 direttiva
1696 672 1787 724 (161
1827 673 2088 738 Concilio,
2135 672 2190 723 16
2225 670 2390 737 quale

410 756 533 832 „³¹
586 758 859 810 contrario
918 757 1143 809 esercita
1189 757 1440 810 continui
1484 758 1584 809 atti
1629 759 1686 809 di
1731 758 1979 824 pazienza
2023 773 2052 810 e
2098 757 2154 808 di
2199 757 2390 821 longa-

481 843 692 895 nimita.
725 865 745 891 n

548 930 647 979 Fin
683 930 781 994 qui
819 928 862 980 11
906 927 1146 982 Giorualc
1183 929 1239 981 di
1277 929 1442 981 Roma
1483 929 1571 981 del
1611 929 1640 980 9
1682 926 1871 995 luglio.
1926 929 2030 982 Ora
2084 928 2139 989 la
2195 926 2392 981 defini-

479 1015 632 1066 zione
659 1015 732 1066 ha
758 1020 914 1081 posto
943 1014 1053 1067 fine
1081 1017 1134 1066 al
1167 1021 1314 1067 tanto
1344 1016 1460 1067 dire
1489 1016 1592 1068 6116
1620 1016 1663 1066 61
1692 1018 1721 1068 e
1748 1015 1883 1068 fatto
1918 1014 2392 1083 dell’opposizione

479 1099 927 1167 dell'Episcopato
969 1102 1252 1166 ungarico.
1298 1101 1377 1151 Ma
1411 1101 1614 1153 'merita
1655 1101 1712 1152 di
1752 1107 1958 1153 restare
2008 1101 2066 1151 in
2123 1099 2392 1152 memoria

482 1201 594 1237 una
633 1186 1091 1253 corrispondenza
1130 1185 1446 1253 pubblicata
1485 1187 1563 1237 fin
1603 1185 1694 1238 dal
1737 1187 1802 1239 28
1842 1187 2061 1251 maggio
2100 1185 2194 1237 nel
2249 1183 2392 1238 Vati·
2486 1199 2488 1206 ·

479 1286 616 1335 cano,
664 1272 766 1324 che
805 1273 1061 1325 contiene
1099 1288 1175 1322 un
1207 1272 1811 1338 preziosodocumento
1841 1273 1895 1324 di
1925 1278 2141 1338 quattro
2168 1270 2398 1342 Concilii·
2479 1267 2488 1308 ἑ

480 1356 803 1425 provinciali
860 1356 1222 1424 d’Ungherias
1281 1360 1300 1409 i
1364 1358 1517 1424 quali
1580 1357 1951 1424 insegnarono
2008 1356 2392 1411 l’infallihilita

479 1445 763 1511 pontificia
802 1461 830 1497 6
869 1445 1230 1511 proscrissero
1273 1444 1324 1494 16
1382 1444 1626 1495 dottrina
1683 1445 1971 1497 contraria.
2034 1444 2092 1496 Gi
2140 1443 2280 1496 hasti
2335 1443 2391 1495 di

481 1530 647 1582 citare
685 1529 878 1584 alcune
918 1531 1047 1582 frasi
1087 1531 1176 1583 dei
1215 1531 1323 1582 due
1361 1529 1552 1581 ultimi
1592 1528 1850 1594 Concilii,
1910 1528 1999 1582 del
2052 1529 2188 1582 1858
2227 1545 2255 1581 6
2303 1527 2448 1581 del·

487 1616 634 1668 1863.
679 1615 722 1666 Il
762 1617 1002 1669 Concilio
1042 1617 1384 1684 provinciale
1414 1615 1777 1680 strigoniense
1803 1616 1894 1668 del
1925 1616 2076 1681 1858,
2120 1614 2390 1668 celebrato

481 1695 952 1755 dall'arcivescovo
1010 1718 1188 1754 111066.
1261 1701 1595 1767 Scitowszki‚
1661 1717 1693 1753 a
1751 1703 1839 1754 cui
1896 1703 2094 1757 surono
2154 1705 2392 1772 presenti

480 1795 697 1856 quattro
738 1790 827 1841 dei
864 1789 1025 1840 Padri
1065 1789 1156 1839 del
1209 1787 1455 1840 Concilio
1517 1774 1799 1856 Vaticano,
1858 1804 2033 1842 mons.
2095 1789 2383 1855 Ranoffler,

478 1890 653 1927 mons,
701 1875 896 1939 Simor,
959 1889 1131 1926 mons.
1177 1875 1383 1927 Kovacs
1422 1890 1450 1925 e
1492 1889 1668 1927 mons.
1715 1875 1895 1939 Zalka,
1942 1883 2024 1928 tra
2059 1875 2231 1928 l’altre
2271 1891 2390 1929 cose

476 1963 730 2014 contiene
770 1968 960 2028 queste
1006 1960 1225 2028 parole:
1296 1979 1317 2009 ο(
1377 1962 1626 2014 Romana
1690 1960 1946 2025 Ecclesia,
2004 1977 2146 2030 quae
2199 1977 2390 2030 semper

472 2048 798 2100 immaculata
834 2048 1038 2111 mansit,
1085 2053 1139 2099 et
1176 2039 1415 2099 Domino
1475 2048 1799 2114 providente
1857 2055 1910 2100 et
1964 2049 2018 2099 Β.
2077 2050 2234 2102 Ρ611·0
2290 2049 2383 2116 Ap.
2467 2062 2471 2063 ⁷

476 2150 636 2201 opem
674 2133 884 2185 ferente
920 2133 974 2183 in
1022 2132 1218 2196 futuro
1257 2131 1482 2184 manebit
1521 2133 1639 2185 sine
1680 2131 1798 2185 6116
1842 2133 2254 2187 haereticorum
2306 2135 2390 2185 in·
2468 2191 2477 2211 .-

473 2221 774 2274 sultatione
799 2220 963 2286 firma
1005 2223 1054 2270 et
1093 2219 1358 2272 immobilis
1387 2220 1543 2271 omni
1576 2224 1823 2288 tempore
1849 2220 2118 2288 persistet;
2152 2218 2390 2272 Ecclesia
2463 2253 2470 2277 2

474 2321 703 2359 romana
739 2312 818 2359 est
856 2305 1108 2357 omnium
1147 2306 1528 2359 Ecclesiarum
1567 2311 1745 2358 mater
1783 2311 1834 2358 61
1874 2306 2146 2374 mayistra,
2201 2292 2390 2358 catho-

477 2393 612 2444 licae
648 2391 886 2444 veritatis
925 2399 979 2443 et
1016 2392 1242 2444 unitatis
1283 2398 1553 2456 centrum,
1597 2392 1655 2443 in
1695 2407 1805 2458 qua
1844 2398 1923 2445 est
1959 2393 2164 2459 intem-a
2200 2396 2251 2444 et
2273 2405 2390 2443 vera

477 2479 789 2531 christianae
825 2478 1087 2544 reliyiouis
1125 2479 1365 2531 soliditas
1404 2488 1457 2532 61
1496 2495 1558 2532 ex
1598 2493 1707 2546 qua
1735 2479 2063 2531 traditionem
2075 2478 2207 2546 fidei
2230 2490 2390 2530 omnes

476 2566 702 2630 reliquae
739 2563 1001 2617 Ecclesiae
1038 2569 1333 2617 mutuentur
1372 2570 1590 2634 oportet.
1640 2553 1986 2618 Unde'Petro
2024 2566 2077 2617 iu
2099 2563 2390 2631 rebusfidei

477 2656 527 2703 et
562 2666 754 2703 morum
790 2667 887 2718 per
929 2667 988 2704 os
1038 2651 1321 2703 Pontificis
1372 2651 1626 2719 loquenti
1685 2666 1877 2704 omnes
1926 2667 2024 2719 per
2082 2652 2272 2703 orbem
2329 2650 2388 2714 fi·
2449 2670 2454 2699 1

478 2738 612 2789 deles
649 2742 699 2789 et
726 2742 966 2805 pastores
1006 2738 1142 2790 citra
1181 2753 1346 2791 omne
1384 2738 1622 2790 dubium
1660 2753 1942 2790 assensum
1981 2752 2198 2805 semper
2234 2751 2387 2804 prae-

478 2824 733 2876 buerunt.
758 2824 911 2875 Hanc
930 2839 1057 2889 erga
1084 2824 1404 2876 cathedram
1429 2824 1573 2875 Petri
1601 2824 1992 2889 obedientiam,
2024 2822 2385 2874 reverentiam
2455 2851 2460 2855 -

481 2916 534 2961 61
568 2910 958 2962 inconcussam
996 2910 1407 2974 adhaesionem,
1451 2910 1594 2962 sicut
1632 2908 1822 2963 fideles
1850 2910 1928 2960 ita
1953 2915 2007 2961 et
2025 2911 2263 2976 pastores
2286 2906 2387 2960 E'c-
2448 2972 2451 2980 Ι

481 2996 664 3048 etesiae
703 3002 756 3048 61
793 2996 1110 3063 provinciae
1150 2996 1323 3048 huius
1362 3012 1428 3049 6ο
1467 2994 1730 3049 libentius
1757 2996 2095 3063 profitemur,
2129 2999 2182 3046 et
2205 2995 2386 3046 invio·
2454 3011 2465 3061 ᾗ

480 3080 717 3134 labiliter
753 3097 852 3134 nos
889 3086 1186 3134 servaturos
1222 3082 1533 3150 spondemus,
1580 3097 1692 3148 quo
1731 3082 1905 3147 magis
1943 3081 2137 3132 beatae
2177 3094 2385 3132 memo·
2448 3103 2450 3106 >

480 3169 595 3220 riae
632 3168 1113 3239 praedecessorum
1153 3174 1467 3222 nostrorum
1507 3166 1757 3235 exemplo
1796 3166 1866 3218 ad
1902 3167 1962 3217 id
1999 3180 2377 3232 provocamur.
2435 3186 2439 3192 ·

482 3254 644 3306 Grata
680 3258 760 3305 est
796 3255 1066 3306 memoria
1105 3252 1324 3318 Georgii
1365 3252 1736 3320 Szelepeseny,
1762 3251 2140 3315 strigoniensis
2163 3249 2385 3302 Archie-
2435 3275 2450 3294 ·.

479 3339 709 3409 piscopi,
754 3339 851 3406 qui
889 3346 1125 3406 quatuor
1161 3339 1565 3410 propositiones
1604 3336 1744 3390 Cleri
1782 3335 2042 3402 gallicani
2071 3350 2216 3388 anno
2246 3332 2390 3387 1682*
2415 3351 2482 3405 χ]

480 3427 670 3490 editaS,
713 3439 827 3476 666
865 3440 996 3476 cum
1034 3425 1229 3478 ceteris
1258 3425 1576 3490 Hungariae
1604 3422 1949 3491 praesulibus
1977 3421 2172 3474 eodem
2198 3419 2383 3473 adhuc

479 3527 623 3566 anno
664 3527 767 3566 ceu
804 3511 1028 3565 auribus
1068 3511 1387 3564 christianis
1439 3510 1687 3564 absurdas
1744 3516 1799 3563 et
1852 3509 2013 3579 plane
2064 3505 2382 3570 detestabiles
2450 3520 2454 3542 2

2471 1621 2488 1888 ἐ

2472 1889 2488 2037 [¹

2462 1889 2479 1904 1-

2475 1548 2488 1573 -1

2482 1412 2488 1480 .’

2477 1489 2488 1540 ⁴.
