2488 4290
471 343 559 392 208

474 439 620 488 certa
657 436 884 503 sponsio
923 451 1022 503 pro
1062 437 1307 500 veritate,
1352 435 1470 502 ipsa
1509 433 1725 487 sublata
1752 436 2002 488 aufertur
2027 437 2191 490 etiam
2216 438 2382 492 unica
2474 462 2488 502 ,-

474 520 570 572 illa
605 522 744 593 ratio
784 529 1006 589 propter
1042 537 1208 587 quam
1250 521 1475 589 spiritus
1515 522 1779 574 Primatui
1809 537 1871 574 ex
1899 517 2382 577 conscientia'obe-
2441 569 2488 596 ⁸,

474 606 590 658 dire
627 611 905 674 tenentur,
948 614 1108 673 atque
1149 607 1285 658 adeo
1325 607 1627 674 perfectum
1671 606 1941 660 Ecclesiae
1997 609 2243 674 Regnum
2301 625 2383 663 ra·
2472 611 2488 679 ¹,

475 691 676 745 dicitus
714 692 1057 745 dissolvetur.
2467 756 2472 763 ¹

545 777 648 830 Sed
684 779 795 831 iam
835 785 896 830 ut
933 780 1158 846 propius
1199 779 1542 844 accedamus,
1586 781 1644 830 in
1675 779 1942 834 Ecclesiae
1969 782 2152 846 Regno
2178 781 2382 836 Veritas
2466 780 2478 819 ἔ

474 875 588 917 non
626 872 706 918 est
743 864 926 930 aliqua
962 865 1100 929 idea,
1148 866 1244 918 sed
1282 867 1517 918 Persona
1543 867 1765 919 divina:
1804 867 1915 934 Eyo
1953 881 2060 919 sum
2099 867 2317 932 Veritas,
2347 864 2368 916 ὴ
2470 898 2472 902 ,

474 951 681 1004 scilicet
717 951 806 1003 Dei
849 951 1090 1003 Verbum
1131 966 1254 1004 caro
1283 952 1508 1016 factum,
1544 953 1692 1019 quod
1733 953 1999 1005 habitavit
2035 955 2094 1005 in
2121 954 2294 1018 nobiS,
2322 962 2385 1008 ut

472 1036 618 1088 viam
655 1036 799 1088 vitae
838 1036 1179 1089 manifestius
1219 1037 1641 1104 demonstraret,
1685 1040 1991 1092 doctrinam
2022 1039 2268 1092 humano
2293 1055 2383 1104 ge-

471 1123 592 1172 neri
631 1122 877 1174 tribuens
914 1121 1210 1174 salutarem
1240 1122 1320 1192 (l).
1355 1146 1373 1170 n
1427 1124 1526 1184 Qui
1557 1124 1910 1192 profecturus
1949 1142 2011 1178 ex
2034 1125 2143 1178 hoc
2171 1126 2382 1180 mundo
2466 1119 2468 1123 ’

471 1209 539 1259 ad
575 1208 806 1271 Patrem,
868 1216 1145 1261 venturus
1206 1210 1409 1261 iterum
1467 1211 1536 1261 ad
1591 1207 1963 1276 iudicandum,
2026 1211 2383 1278 temporariae
2463 1207 2470 1213 ’

470 1294 603 1346 huic
637 1293 916 1360 personali
955 1299 1008 1346 et
1044 1294 1250 1346 visibili
1290 1296 1568 1349 absentiae
1604 1311 1745 1364 suae,
1772 1297 1990 1350 abunde
2029 1297 2266 1364 providit
2315 1297 2376 1348 in
2461 1282 2471 1298 ⁵

425 1415 429 1422 ·
471 1380 652 1447 Petr0‚
694 1395 860 1446 quem
900 1380 1115 1433 Petram
1154 1381 1438 1433 constituit
1476 1382 1545 1433 ad
1583 1382 2012 1435 fundamentum
2067 1383 2262 1448 Regni,
2295 1383 2383 1435 sui

472 1468 527 1519 h.
573 1482 619 1518 e.
664 1465 952 1534 Ecclesiae,
994 1474 1155 1534 atque
1192 1467 1339 1520 vices
1378 1474 1432 1519 et
1470 1483 1630 1520 voces
1669 1454 1804 1520 suas
1830 1467 1912 1519 illi
1944 1469 2168 1522 tradidit
2192 1468 2252 1520 in
2277 1467 2384 1521 hoc
2462 1479 2463 1483 ’

474 1555 659 1616 Regno
697 1568 797 1604 suo
836 1554 938 1605 sub
977 1552 1228 1620 symbolo
1268 1554 1497 1619 clavium,
1543 1556 1621 1607 ita
1659 1560 1722 1606 ut
1758 1556 2147 1622 quodcumque
2173 1553 2384 1606 solverit

395 1661 398 1664 ·
470 1640 532 1689 in
571 1644 710 1690 terra
746 1637 832 1689 vel
872 1638 1129 1704 ziqaverit,
1177 1639 1242 1692 ab
1281 1641 1399 1706 ipso
1441 1640 1654 1692 Christo
1704 1638 1948 1692 solutum
2003 1640 2091 1692 vel
2145 1640 2381 1705 ligatum

470 1725 613 1777 foret
649 1724 709 1773 in
749 1724 915 1776 coelis
955 1727 1038 1794 (2).
1085 1726 1259 1785 Quare
1300 1740 1426 1776 cum
1483 1727 1673 1777 Petrus
1728 1726 1901 1793 pascit
1939 1741 2064 1782 oves
2101 1732 2153 1779 et
2190 1740 2378 1792 agnOS,
2475 1741 2479 1750 ·

471 1811 717 1863 Christus
756 1812 929 1877 pascit
942 1827 956 1878 ;
1021 1826 1150 1863 cum
1190 1813 1378 1864 Petrus
1417 1811 1580 1863 solvit
1615 1812 1704 1863 vel
1741 1810 1891 1876 ligat,
1937 1812 2181 1865 Christus
2223 1811 2384 1864 solvit
2418 1875 2462 1889 ν,

466 1895 553 1948 vel
588 1895 758 1964 ligat;
804 1913 931 1949 cum
971 1898 1163 1949 Petrus
1203 1898 1431 1961 iudicat,
1467 1897 1715 1949 Christus
1755 1897 1994 1965 iudicat;
2041 1912 2168 1949 cum
2197 1898 2381 1950 Petrus
2458 1964 2467 1972 ,Ἰ

468 1984 643 2050 docet,
684 1983 932 2035 Christus
971 1984 1164 2051 docet;
1211 1999 1337 2035 cum
1364 1985 1551 2036 Petrus
1581 1982 1871 2035 confirmat
1898 1986 2102 2048 fratreS,
2137 1983 2381 2036 Christus
2468 2020 2471 2022 -

467 2069 773 2122 confirmat.
818 2070 936 2122 Non
975 2069 1203 2121 aliunde
1243 2085 1373 2136 ergo
1403 2070 1545 2122 Petri
1572 2069 1880 2121 inerrantia
1907 2070 2117 2122 derivat
2141 2069 2247 2128 nisi
2276 2069 2382 2121 im·
2455 2084 2471 2135 j

467 2155 706 2214 mediate
745 2170 806 2211 ex
844 2156 964 2222 ipsa
1002 2154 1356 2208 substantiali
1394 2154 1647 2220 Veritate,
1691 2171 1833 2222 quae
1870 2154 2044 2208 voluit
2081 2160 2144 2206 ut
2167 2155 2382 2207 infalli-

466 2240 577 2293 bile
601 2241 996 2307 magisterium,
1034 2240 1295 2294 Ecclesiae
1321 2241 1567 2295 societati
1595 2239 1878 2309 spirituali
1908 2248 2020 2293 tam
2049 2242 2379 2294 intrinsecus

470 2325 770 2391 essentiale,
817 2329 1030 2381 cunctis
1069 2328 1265 2381 diebus
1303 2343 1522 2395 semper
1570 2329 1757 2380 vivens
1807 2334 1947 2380 esset
2002 2328 2060 2378 in
2119 2342 2380 2395 supremo
2440 2348 2465 2393 st

470 2413 647 2479 capite
686 2413 859 2477 Petro,
904 2417 1017 2464 tam
1056 2413 1117 2463 in
1155 2413 1403 2466 docendo
1441 2427 1610 2479 quam
1648 2412 1707 2464 in
1766 2412 2103 2480 confirmando
2140 2413 2381 2465 Pastores

471 2505 523 2551 et
560 2498 770 2566 fideles,
800 2513 911 2552 oves
951 2503 1001 2551 et
1039 2513 1195 2565 aynos
1236 2500 1315 2564 (3).
2188 2498 2192 2501 ’

538 2585 709 2651 Atque
747 2585 878 2638 inde
916 2584 1260 2638 admirabilis
1316 2584 1417 2638 illa
1476 2585 1806 2640 oeconomia
1860 2585 2374 2653 comprehenditur,
2452 2655 2460 2659 ,

473 2686 642 2737 quam
680 2671 743 2723 in
781 2672 1131 2724 institutione
1170 2670 1436 2725 Ecclesiae
1474 2687 1604 2724 suae
1643 2673 1845 2724 Auctor
1883 2671 2013 2724 fidei
2064 2676 2281 2724 nostrae
2318 2667 2381 2723 ac
2454 2663 2464 2734 ’ς

471 2758 833 2811 Consumator
871 2758 1120 2811 Christus
1171 2754 1445 2810 adhibuit.
1505 2758 1782 2811 Nimirum
1838 2758 1906 2809 de
1963 2755 2225 2809 aeternali
2273 2756 2379 2809 isto
2439 2827 2442 2830 ἢ

471 2843 797 2897 admirando
837 2842 1123 2911 aedificio,
1167 2844 1319 2911 quod
1358 2850 1436 2897 est
1483 2842 1743 2908 Ecclesia,
1789 2840 2097 2895 extollendo
2135 2841 2380 2907 cogitans
2459 2874 2465 2914 5

469 2929 625 2995 prius
663 2931 730 2982 de
767 2930 1130 2983 fundamento
1180 2929 1289 2981 fuit
1337 2929 1647 2997 sollicitus;
1690 2944 1862 2996 quare
1899 2926 2043 2981 si'cut
2080 2928 2149 2980 ad
2185 2927 2380 2980 Abram

470 3014 675 3067 dixerat
713 3014 881 3069 olim:
928 3016 1010 3067 Tu
1047 3016 1328 3070 vocaberis
1366 3001 1670 3079 Abraham,
1717 3019 1778 3067 ut
1816 3015 1875 3066 in
1927 3013 2232 3067 mutatione
2281 3027 2380 3066 no·
2460 3005 2463 3010 ”

472 3100 643 3152 minis
681 3101 887 3167 iugiter
925 3116 1100 3154 novae
1128 3117 1260 3155 suae
1290 3102 1568 3156 missionis
1596 3106 1759 3168 atque
1786 3100 1950 3154 officii
1977 3099 2369 3171 recordaretur;

532 3373 594 3433 (l)
630 3372 782 3420 conc.
818 3373 983 3420 Later.
1021 3374 1107 3433 IV,
1138 3343 1262 3433 cap.
1298 3372 1563 3421 Firmiter.

532 3448 594 3509 (2)
627 3447 807 3494 Matth.
843 3448 978 3507 XVI,
1015 3448 1089 3502 is,
1126 3448 1198 3493 19.

530 3521 592 3583 (Β)
625 3522 766 3569 Ioan.
801 3521 939 3581 XXI,
974 3520 1047 3581 17,
1081 3521 1249 3585 Lucae
1279 3521 1441 3581 XXII,
1479 3521 1555 3567 32.
