2488 4290
2020 422 2099 476 121

193 526 415 602 agitur,
461 541 569 587 una
607 549 733 587 cum
774 525 1001 586 obiectis
1040 532 1460 585 difficultatibus
1500 533 1738 584 examini
1781 534 2106 586 subiiciatur

191 621 341 674 illius
380 639 440 674 ex
478 622 808 689 specialibus
848 620 1348 687 Deputationibus',
1417 619 1485 670 ad
1522 619 1689 684 q'uam
1714 662 1725 681 ‚
1787 620 1936 671 iuxta
1973 622 2106 671 assi-

195 714 358 773 gnata
394 708 598 773 quique
637 722 825 757 rerum
868 706 1274 757 tractandarum
1337 718 1536 768 genera
1585 705 1858 771 pertinere
1899 703 2107 755 intelli-

196 795 363 858 gitur.
410 792 556 854 Quae
596 794 652 843 in
692 793 796 843 hac
836 791 1106 858 peculiari
1134 791 1496 856 Deputatione
1537 790 1835 841 deliberata
1873 790 2102 854 fuerint,

195 893 389 929 eorum
428 879 628 930 relatio
673 879 816 946 typis
856 879 1003 929 edita
1041 877 1293 928 Patribus
1332 876 1626 927 diribenda
1665 877 1768 927 erit
1806 877 1952 926 iuxta
1997 890 2109 926 me-

198 963 431 1015 thodum
470 980 502 1016 a
539 965 701 1018 Nobis
738 965 992 1031 superius
1030 964 1422 1030 praescriptam
1445 1005 1457 1024 ,
1527 969 1588 1013 ut
1650 962 1849 1014 deinde
1888 962 1947 1012 iu
1987 977 2110 1027 pro-

194 1049 343 1101 xima
380 1051 814 1115 congregatione
855 1048 1109 1103 Generali
1136 1091 1149 1111 ,
1219 1050 1265 1099 si
1330 1048 1475 1099 nibil
1514 1048 1760 1115 amplius
1800 1047 2102 1109 obstiterit,

197 1137 397 1201 rogatis
437 1136 658 1187 Patrum
705 1137 984 1200 suffragiis
1011 1178 1023 1197 ,
1096 1135 1293 1186 decreti
1357 1133 1444 1186 vel
1505 1136 1728 1186 canonis
1789 1133 2111 1186 Conciliaris

198 1221 442 1272 formula
479 1222 766 1273 condatur.
800 1222 1071 1284 Suffragia
1096 1227 1275 1271 autem
1304 1237 1334 1272 a
1360 1221 1611 1271 Patribus
1648 1226 1907 1271 oretenus
1945 1219 2113 1270 eden-

204 1313 306 1369 tur,
351 1307 427 1357 ita
470 1313 650 1358 tamen
676 1346 692 1372 ,
748 1313 809 1359 ut
846 1307 983 1372 ipsis
1022 1307 1301 1372 integrum
1343 1307 1416 1357 sit
1455 1307 1622 1358 etiam
1660 1307 1727 1357 de
1767 1307 1971 1371 scripto
2012 1305 2112 1356 illa

198 1394 574 1458 pronuntiare.

1086 1520 1197 1574 VIII
1202 1562 1212 1571 .

817 1669 882 1718 De
919 1668 1223 1719 Sessionibus
1256 1668 1484 1733 publicis,

267 1826 621 1878 Publicarum
660 1842 812 1877 nunc
851 1827 1172 1879 Sessionum
1212 1827 1505 1880 celebratio
1545 1829 1728 1893 exigit,
1775 1834 1835 1879 ut
1874 1831 2036 1882 rebus
2064 1837 2118 1882 et

203 1913 515 1963 actionibus
542 1913 600 1962 in
629 1927 694 1963 ea
718 1913 824 1963 rite
853 1910 1174 1978 dirigendis,
1217 1929 1460 1978 congrua
1491 1916 1699 1966 ratione
1738 1907 2108 1969 consulamus.

205 1997 389 2063 Itaque
416 2039 428 2059 ,
498 1998 557 2048 in
599 2013 932 2064 unaquaque
971 1996 1193 2064 publica
1232 2000 1511 2063 Sessione,
1559 2001 1976 2052 considentibus
2014 2018 2115 2053 suo

204 2082 328 2135 loco
366 2091 418 2134 et
457 2084 649 2135 ordine
688 2084 964 2150 PatribuS,
1007 2085 1338 2151 servatisque
1363 2087 1699 2138 adamussim
1739 2088 2113 2154 caeremoniis,

203 2369 367 2405 ranno
388 2357 480 2406 che
510 2358 559 2405 lo
588 2357 793 2406 schema
823 2356 875 2405 di
896 2359 979 2406 cui
999 2358 1220 2420 trattasi‚
1244 2358 1456 2407 insieme
1478 2360 1602 2407 colle
1624 2360 1831 2421 opposte
1855 2359 2115 2420 difficolta,

203 2433 278 2478 sia
308 2433 584 2491 sottoposto
615 2433 872 2480 all’esame
903 2434 954 2479 di
977 2435 1145 2494 quella
1166 2435 1245 2480 fra
1264 2436 1310 2481 le
1332 2436 1537 2493 speciali
1572 2436 1924 2495 Deputazioni,
1951 2449 1981 2481 a
2016 2438 2117 2495 cui,

204 2507 421 2553 secondo
451 2507 468 2552 1
500 2508 682 2565 generi
729 2508 855 2554 delle
901 2519 1014 2555 cose
1062 2509 1126 2554 da
1173 2509 1386 2567 spedirsi
1429 2510 1693 2567 assegnati
1724 2522 1754 2555 a
1785 2510 2043 2569 ciascuna,
2077 2511 2122 2557 si

204 2579 360 2627 vedra
389 2580 482 2627 che
512 2581 824 2639 appartiene.
861 2581 1389 2640 L’esposizionedelle
1421 2595 1533 2629 cose
1555 2583 1828 2630 conchiuse
1849 2584 1903 2628 in
1940 2585 2122 2642 questa

204 2654 459 2712 peculiare
490 2655 851 2714 Deputazione,
888 2666 1050 2703 messa
1082 2669 1112 2702 a
1144 2657 1362 2715 stampa,
1398 2657 1547 2703 verra
1578 2658 1870 2704 distribuita
1900 2658 1950 2703 ai
1971 2658 2120 2704 Padri

207 2729 283 2775 001
313 2728 513 2775 metodo
545 2729 610 2775 da
639 2730 733 2776 Noi
780 2741 929 2788 sopra
975 2731 1259 2790 prescritt0‚
1311 2731 1574 2778 acciocche
1605 2732 1786 2791 quindi
1818 2733 1951 2784 nella
1982 2744 2125 2790 pros-

206 2802 335 2848 sima
362 2802 783 2862 congregazione
815 2806 1072 2864 generale,
1098 2811 1150 2852 se
1182 2818 1287 2853 non
1320 2806 1372 2852 vi
1396 2805 1520 2853 avra
1546 2807 1829 2853 niun'altra
1860 2806 2119 2864 difficolta,

209 2875 502 2923 demandati
532 2877 550 2922 i
579 2877 799 2935 suffragi
831 2878 911 2925 dei
943 2879 1111 2939 Padri,
1133 2885 1135 2887 ’
1158 2880 1202 2925 si
1250 2891 1398 2938 possa
1439 2880 1664 2927 stabilire
1704 2881 1754 2925 la
1798 2881 2011 2927 formola
2044 2881 2123 2926 del

208 2951 407 2999 decreto
436 2965 466 2999 o
496 2953 575 3000 del
605 2964 799 2999 canone
829 2954 1116 3001 conciliare.
1149 2955 1172 3000 I
1195 2955 1413 3013 suffragi
1434 2955 1517 3013 poi
1539 2955 1582 3001 si
1605 2955 1836 3001 daranno
1858 2955 1942 3001 dai
1964 2955 2120 3001 Padri

211 3039 241 3072 a
270 3038 410 3087 voce,
442 3027 563 3085 pero
592 3027 706 3074 sara
736 3027 800 3073 ad
831 3028 927 3074 essi
955 3028 1113 3076 libero
1142 3029 1179 3075 11
1209 3030 1430 3087 leggerli
1464 3029 1595 3075 dallo
1627 3030 1820 3077 scritta

1101 3180 1237 3238 vnit
1382 3268 1385 3270 .

828 3309 968 3367 Delle
1005 3316 1223 3368 Sessioni
1251 3312 1526 3382 pubbliclze.

274 3442 374 3502 Ora
403 3444 454 3500 13
484 3444 825 3502 celebrazione
857 3454 984 3502 delle
1015 3455 1288 3515 pubbliche
1320 3456 1531 3504 sessioni
1561 3452 1783 3503 richiede
1826 3454 1919 3503 che
1960 3452 2127 3501 dianio

216 3529 290 3587 gli
322 3529 595 3588 opportuni
623 3525 1051 3589 provvedim'enti,
1085 3543 1174 3590 per
1206 3544 1374 3579 mezzo
1397 3532 1475 3578 de'
1496 3533 1636 3591 quali
1660 3532 1923 3589 dirigerue
1943 3531 1990 3576 le
2015 3541 2126 3576 cose

217 3614 245 3650 e
274 3603 321 3649 le
351 3603 532 3651 azioni.
566 3603 807 3651 Pel-tanto
837 3605 893 3649 in
925 3605 1166 3652 ciascuna
1207 3606 1448 3664 pubblica
1491 3606 1737 3665 sessione,
1783 3604 2002 3652 sedendo
2044 3603 2127 3648 nel

215 3678 418 3735 proprio
446 3678 605 3736 luogo
635 3678 696 3725 ed
728 3679 904 3726 ordine
934 3679 950 3724 i
984 3678 1149 3738 Padri,
1183 3679 1251 3727 ed*
1276 3680 1531 3728 osservate
1562 3692 1652 3739 per
1683 3678 1953 3739 l'appunto
1982 3678 2028 3722 le
2050 3688 2127 3723 ce—
