<?xml version="1.0" encoding="UTF-8"?>
<!DOCTYPE html PUBLIC "-//W3C//DTD XHTML 1.0 Transitional//EN"
    "http://www.w3.org/TR/xhtml1/DTD/xhtml1-transitional.dtd">
<html xmlns="http://www.w3.org/1999/xhtml" xml:lang="en" lang="en">
 <head>
  <title>
</title>
<meta http-equiv="Content-Type" content="text/html;charset=utf-8" />
  <meta name='ocr-system' content='tesseract 3.04.00' />
  <meta name='ocr-capabilities' content='ocr_page ocr_carea ocr_par ocr_line ocrx_word'/>
</head>
<body>
  <div class='ocr_page' id='page_1' title='image "a611569200vatiuoft_0059.png"; bbox 0 0 2488 4290; ppageno 0'>
   <div class='ocr_carea' id='block_1_1' title="bbox 2062 363 2122 410">
    <p class='ocr_par' dir='ltr' id='par_1_1' title="bbox 2062 363 2122 410">
     <span class='ocr_line' id='line_1_1' title="bbox 2062 363 2122 410; baseline 0 0"><span class='ocrx_word' id='word_1_1' title='bbox 2062 363 2122 410; x_wconf 88' lang='grc'><strong>53</strong></span> 
     </span>
    </p>
   </div>
   <div class='ocr_carea' id='block_1_2' title="bbox 225 466 2130 2009">
    <p class='ocr_par' dir='ltr' id='par_1_2' title="bbox 225 466 2130 2009">
     <span class='ocr_line' id='line_1_2' title="bbox 225 466 2116 534; baseline -0.001 -11"><span class='ocrx_word' id='word_1_2' title='bbox 225 469 506 523; x_wconf 85' lang='lat' dir='ltr'><strong>sententiis</strong></span> <span class='ocrx_word' id='word_1_3' title='bbox 542 484 604 522; x_wconf 90' lang='lat' dir='ltr'><strong>ac</strong></span> <span class='ocrx_word' id='word_1_4' title='bbox 636 466 861 522; x_wconf 86' lang='lat' dir='ltr'><strong>vocibus</strong></span> <span class='ocrx_word' id='word_1_5' title='bbox 888 507 903 534; x_wconf 96' lang='lat'><em>‚</em></span> <span class='ocrx_word' id='word_1_6' title='bbox 966 467 1363 520; x_wconf 84' lang='lat' dir='ltr'><strong>confirmentur</strong></span> <span class='ocrx_word' id='word_1_7' title='bbox 1425 468 1758 521; x_wconf 82' lang='lat' dir='ltr'><strong>christianae</strong></span> <span class='ocrx_word' id='word_1_8' title='bbox 1821 474 2004 534; x_wconf 84' lang='lat' dir='ltr'><strong>gentes</strong></span> <span class='ocrx_word' id='word_1_9' title='bbox 2056 471 2116 521; x_wconf 92' lang='lat' dir='ltr'><strong>in</strong></span> 
     </span>
     <span class='ocr_line' id='line_1_3' title="bbox 229 553 2120 624; baseline -0.001 -15"><span class='ocrx_word' id='word_1_10' title='bbox 229 558 489 624; x_wconf 88' lang='lat' dir='ltr'><strong>obsequio</strong></span> <span class='ocrx_word' id='word_1_11' title='bbox 527 562 582 608; x_wconf 92' lang='lat' dir='ltr'><strong>et</strong></span> <span class='ocrx_word' id='word_1_12' title='bbox 617 570 804 608; x_wconf 90' lang='lat' dir='ltr'><strong>amore</strong></span> <span class='ocrx_word' id='word_1_13' title='bbox 843 570 971 622; x_wconf 89' lang='lat' dir='ltr'><strong>ergo</strong></span> <span class='ocrx_word' id='word_1_14' title='bbox 1010 555 1155 608; x_wconf 91' lang='lat' dir='ltr'><strong>hanc</strong></span> <span class='ocrx_word' id='word_1_15' title='bbox 1192 559 1436 606; x_wconf 90' lang='lat' dir='ltr'><strong>sanctam</strong></span> <span class='ocrx_word' id='word_1_16' title='bbox 1474 553 1668 607; x_wconf 89' lang='lat' dir='ltr'><strong>Sedem</strong></span> <span class='ocrx_word' id='word_1_17' title='bbox 1696 594 1711 620; x_wconf 90' lang='lat'><strong>,</strong></span> <span class='ocrx_word' id='word_1_18' title='bbox 1771 556 1830 606; x_wconf 93' lang='lat' dir='ltr'><strong>in</strong></span> <span class='ocrx_word' id='word_1_19' title='bbox 1892 571 2120 622; x_wconf 90' lang='lat' dir='ltr'><strong>eamque</strong></span> 
     </span>
     <span class='ocr_line' id='line_1_4' title="bbox 229 640 2123 708; baseline -0.002 -14"><span class='ocrx_word' id='word_1_20' title='bbox 229 644 409 695; x_wconf 91' lang='lat' dir='ltr'><strong>acrius</strong></span> <span class='ocrx_word' id='word_1_21' title='bbox 445 644 648 695; x_wconf 88' lang='lat' dir='ltr'><strong>mentis</strong></span> <span class='ocrx_word' id='word_1_22' title='bbox 675 640 859 694; x_wconf 91' lang='lat' dir='ltr'><strong>oculos</strong></span> <span class='ocrx_word' id='word_1_23' title='bbox 887 641 1192 694; x_wconf 84' lang='lat' dir='ltr'><strong>intendant.</strong></span> <span class='ocrx_word' id='word_1_24' title='bbox 1240 640 1548 706; x_wconf 73' lang='lat' dir='ltr'><strong>corrogatis</strong></span> <span class='ocrx_word' id='word_1_25' title='bbox 1575 642 1822 708; x_wconf 87' lang='lat' dir='ltr'><strong>undique</strong></span> <span class='ocrx_word' id='word_1_26' title='bbox 1862 642 2123 695; x_wconf 91' lang='lat' dir='ltr'><strong>subsidiis</strong></span> 
     </span>
     <span class='ocr_line' id='line_1_5' title="bbox 228 728 2119 795; baseline -0.001 -15"><span class='ocrx_word' id='word_1_27' title='bbox 228 729 338 780; x_wconf 92' lang='lat' dir='ltr'><strong>huc</strong></span> <span class='ocrx_word' id='word_1_28' title='bbox 370 729 700 781; x_wconf 84' lang='lat' dir='ltr'><strong>convenistis</strong></span> <span class='ocrx_word' id='word_1_29' title='bbox 736 728 959 781; x_wconf 90' lang='lat' dir='ltr'><strong>civilem</strong></span> <span class='ocrx_word' id='word_1_30' title='bbox 1016 733 1265 779; x_wconf 89' lang='lat' dir='ltr'><strong>nostrum</strong></span> <span class='ocrx_word' id='word_1_31' title='bbox 1326 728 1686 781; x_wconf 86' lang='lat' dir='ltr'><strong>sustentaturi</strong></span> <span class='ocrx_word' id='word_1_32' title='bbox 1745 728 2119 795; x_wconf 89' lang='lat' dir='ltr'><strong>Principatum</strong></span> 
     </span>
     <span class='ocr_line' id='line_1_6' title="bbox 229 814 2122 883; baseline 0 -17"><span class='ocrx_word' id='word_1_33' title='bbox 229 821 378 867; x_wconf 89' lang='lat' dir='ltr'><strong>tanta</strong></span> <span class='ocrx_word' id='word_1_34' title='bbox 416 820 793 883; x_wconf 87' lang='lat' dir='ltr'><strong>oppugnatum</strong></span> <span class='ocrx_word' id='word_1_35' title='bbox 831 814 1059 883; x_wconf 89' lang='lat' dir='ltr'><strong>perfidia</strong></span> <span class='ocrx_word' id='word_1_36' title='bbox 1071 828 1088 883; x_wconf 82' lang='lat'>3</span> <span class='ocrx_word' id='word_1_37' title='bbox 1132 814 1252 865; x_wconf 90' lang='lat' dir='ltr'><strong>ideo</strong></span> <span class='ocrx_word' id='word_1_38' title='bbox 1292 829 1422 865; x_wconf 91' lang='lat' dir='ltr'><strong>sane</strong></span> <span class='ocrx_word' id='word_1_39' title='bbox 1449 820 1511 865; x_wconf 91' lang='lat' dir='ltr'><strong>ut</strong></span> <span class='ocrx_word' id='word_1_40' title='bbox 1537 814 1988 880; x_wconf 88' lang='lat' dir='ltr'><strong>splendidissimo</strong></span> <span class='ocrx_word' id='word_1_41' title='bbox 2017 815 2122 866; x_wconf 92' lang='lat' dir='ltr'><strong>hoc</strong></span> 
     </span>
     <span class='ocr_line' id='line_1_7' title="bbox 227 899 2124 969; baseline 0 -16"><span class='ocrx_word' id='word_1_42' title='bbox 227 903 368 954; x_wconf 84' lang='lat' dir='ltr'><strong>facto</strong></span> <span class='ocrx_word' id='word_1_43' title='bbox 395 941 411 967; x_wconf 94' lang='lat'><strong>,</strong></span> <span class='ocrx_word' id='word_1_44' title='bbox 478 907 532 953; x_wconf 92' lang='lat' dir='ltr'><strong>et</strong></span> <span class='ocrx_word' id='word_1_45' title='bbox 591 917 687 969; x_wconf 90' lang='lat' dir='ltr'><strong>per</strong></span> <span class='ocrx_word' id='word_1_46' title='bbox 724 900 923 953; x_wconf 90' lang='lat' dir='ltr'><strong>collata</strong></span> <span class='ocrx_word' id='word_1_47' title='bbox 961 899 1218 954; x_wconf 85' lang='lat' dir='ltr'><strong>catholici</strong></span> <span class='ocrx_word' id='word_1_48' title='bbox 1260 900 1407 952; x_wconf 83' lang='lat' dir='ltr'><strong>orbis</strong></span> <span class='ocrx_word' id='word_1_49' title='bbox 1446 901 1710 965; x_wconf 88' lang='lat' dir='ltr'><strong>suffragia</strong></span> <span class='ocrx_word' id='word_1_50' title='bbox 1748 902 2124 953; x_wconf 88' lang='lat' dir='ltr'><strong>necessitatem</strong></span> 
     </span>
     <span class='ocr_line' id='line_1_8' title="bbox 229 985 2123 1053; baseline -0.001 -14"><span class='ocrx_word' id='word_1_51' title='bbox 229 987 348 1039; x_wconf 90' lang='lat' dir='ltr'><strong>eius</strong></span> <span class='ocrx_word' id='word_1_52' title='bbox 374 988 443 1039; x_wconf 92' lang='lat' dir='ltr'><strong>ad</strong></span> <span class='ocrx_word' id='word_1_53' title='bbox 466 986 703 1039; x_wconf 89' lang='lat' dir='ltr'><strong>liberum</strong></span> <span class='ocrx_word' id='word_1_54' title='bbox 729 987 998 1040; x_wconf 89' lang='lat' dir='ltr'><strong>Ecclesiae</strong></span> <span class='ocrx_word' id='word_1_55' title='bbox 1037 988 1285 1053; x_wconf 87' lang='lat' dir='ltr'><strong>regimen</strong></span> <span class='ocrx_word' id='word_1_56' title='bbox 1325 988 1654 1040; x_wconf 79' lang='lat' dir='ltr'><strong>assereretis,</strong></span> <span class='ocrx_word' id='word_1_57' title='bbox 1698 985 1969 1039; x_wconf 84' lang='lat' dir='ltr'><strong>Dilectum</strong></span> <span class='ocrx_word' id='word_1_58' title='bbox 1995 1003 2123 1039; x_wconf 81' lang='lat' dir='ltr'><strong>vero</strong></span> 
     </span>
     <span class='ocr_line' id='line_1_9' title="bbox 227 1071 2121 1142; baseline -0.002 -16"><span class='ocrx_word' id='word_1_59' title='bbox 227 1071 491 1142; x_wconf 91' lang='lat' dir='ltr'><strong>populum</strong></span> <span class='ocrx_word' id='word_1_60' title='bbox 528 1074 855 1140; x_wconf 89' lang='lat' dir='ltr'><strong>Romanum,</strong></span> <span class='ocrx_word' id='word_1_61' title='bbox 897 1074 1231 1140; x_wconf 85' lang='lat' dir='ltr'><strong>indubiaque</strong></span> <span class='ocrx_word' id='word_1_62' title='bbox 1270 1080 1322 1126; x_wconf 91' lang='lat' dir='ltr'><strong>et</strong></span> <span class='ocrx_word' id='word_1_63' title='bbox 1367 1073 1675 1126; x_wconf 89' lang='lat' dir='ltr'><strong>clarissima</strong></span> <span class='ocrx_word' id='word_1_64' title='bbox 1714 1075 1832 1125; x_wconf 89' lang='lat' dir='ltr'><strong>eius</strong></span> <span class='ocrx_word' id='word_1_65' title='bbox 1871 1075 2121 1140; x_wconf 80' lang='lat' dir='ltr'><strong>obsequii</strong></span> 
     </span>
     <span class='ocr_line' id='line_1_10' title="bbox 227 1158 2124 1228; baseline -0.001 -17"><span class='ocrx_word' id='word_1_66' title='bbox 227 1162 286 1211; x_wconf 89' lang='lat' dir='ltr'><strong>in</strong></span> <span class='ocrx_word' id='word_1_67' title='bbox 322 1160 427 1213; x_wconf 88' lang='lat' dir='ltr'><strong>Nos</strong></span> <span class='ocrx_word' id='word_1_68' title='bbox 467 1165 521 1211; x_wconf 86' lang='lat' dir='ltr'><strong>et</strong></span> <span class='ocrx_word' id='word_1_69' title='bbox 556 1158 870 1212; x_wconf 85' lang='lat' dir='ltr'><strong>dilectionis</strong></span> <span class='ocrx_word' id='word_1_70' title='bbox 907 1160 1115 1212; x_wconf 89' lang='lat' dir='ltr'><strong>indicia</strong></span> <span class='ocrx_word' id='word_1_71' title='bbox 1170 1160 1388 1212; x_wconf 82' lang='lat' dir='ltr'><strong>meritis</strong></span> <span class='ocrx_word' id='word_1_72' title='bbox 1451 1160 1708 1212; x_wconf 87' lang='lat' dir='ltr'><strong>laudibus</strong></span> <span class='ocrx_word' id='word_1_73' title='bbox 1744 1160 2124 1228; x_wconf 82' lang='lat' dir='ltr'><strong>prosequenda</strong></span> 
     </span>
     <span class='ocr_line' id='line_1_11' title="bbox 230 1245 2121 1313; baseline 0.001 -17"><span class='ocrx_word' id='word_1_74' title='bbox 230 1245 474 1312; x_wconf 88' lang='lat' dir='ltr'><strong>duxistis;</strong></span> <span class='ocrx_word' id='word_1_75' title='bbox 538 1261 647 1312; x_wconf 84' lang='lat' dir='ltr'><strong>quo</strong></span> <span class='ocrx_word' id='word_1_76' title='bbox 703 1252 755 1297; x_wconf 90' lang='lat' dir='ltr'><strong>et</strong></span> <span class='ocrx_word' id='word_1_77' title='bbox 791 1245 1085 1297; x_wconf 86' lang='lat' dir='ltr'><strong>alacriores</strong></span> <span class='ocrx_word' id='word_1_78' title='bbox 1123 1247 1230 1312; x_wconf 89' lang='lat' dir='ltr'><strong>ipsi</strong></span> <span class='ocrx_word' id='word_1_79' title='bbox 1269 1247 1582 1299; x_wconf 89' lang='lat' dir='ltr'><strong>adiiceretis</strong></span> <span class='ocrx_word' id='word_1_80' title='bbox 1621 1246 1856 1313; x_wconf 90' lang='lat' dir='ltr'><strong>animos,</strong></span> <span class='ocrx_word' id='word_1_81' title='bbox 1901 1252 1954 1298; x_wconf 89' lang='lat' dir='ltr'><strong>et</strong></span> <span class='ocrx_word' id='word_1_82' title='bbox 1991 1262 2121 1298; x_wconf 91' lang='lat' dir='ltr'><strong>eum</strong></span> 
     </span>
     <span class='ocr_line' id='line_1_12' title="bbox 228 1330 2127 1399; baseline 0.001 -17"><span class='ocrx_word' id='word_1_83' title='bbox 228 1332 578 1384; x_wconf 86' lang='lat' dir='ltr'><strong>vindicaretis</strong></span> <span class='ocrx_word' id='word_1_84' title='bbox 616 1347 648 1382; x_wconf 91' lang='lat' dir='ltr'><strong>a</strong></span> <span class='ocrx_word' id='word_1_85' title='bbox 686 1331 929 1383; x_wconf 88' lang='lat' dir='ltr'><strong>conflatis</strong></span> <span class='ocrx_word' id='word_1_86' title='bbox 965 1332 1024 1383; x_wconf 89' lang='lat' dir='ltr'><strong>in</strong></span> <span class='ocrx_word' id='word_1_87' title='bbox 1063 1333 1251 1399; x_wconf 92' lang='lat' dir='ltr'><strong>ipsum</strong></span> <span class='ocrx_word' id='word_1_88' title='bbox 1290 1332 1620 1399; x_wconf 88' lang='lat' dir='ltr'><strong>calumniis,</strong></span> <span class='ocrx_word' id='word_1_89' title='bbox 1664 1339 1717 1384; x_wconf 90' lang='lat' dir='ltr'><strong>et</strong></span> <span class='ocrx_word' id='word_1_90' title='bbox 1754 1332 1973 1384; x_wconf 85' lang='lat' dir='ltr'><strong>foedam</strong></span> <span class='ocrx_word' id='word_1_91' title='bbox 2012 1330 2127 1383; x_wconf 91' lang='lat' dir='ltr'><strong>illis</strong></span> 
     </span>
     <span class='ocr_line' id='line_1_13' title="bbox 229 1415 2130 1486; baseline -0.001 -17"><span class='ocrx_word' id='word_1_92' title='bbox 229 1415 523 1482; x_wconf 84' lang='lat' dir='ltr'><strong>sacrilegae</strong></span> <span class='ocrx_word' id='word_1_93' title='bbox 547 1416 876 1483; x_wconf 86' lang='lat' dir='ltr'><strong>proditionis</strong></span> <span class='ocrx_word' id='word_1_94' title='bbox 903 1423 1092 1469; x_wconf 90' lang='lat' dir='ltr'><strong>notam</strong></span> <span class='ocrx_word' id='word_1_95' title='bbox 1119 1416 1434 1485; x_wconf 80' lang='lat' dir='ltr'><strong>inureretiS,</strong></span> <span class='ocrx_word' id='word_1_96' title='bbox 1477 1420 1593 1486; x_wconf 88' lang='lat' dir='ltr'><strong>qui,</strong></span> <span class='ocrx_word' id='word_1_97' title='bbox 1623 1419 1900 1470; x_wconf 83' lang='lat' dir='ltr'><strong>felicitatis</strong></span> <span class='ocrx_word' id='word_1_98' title='bbox 1938 1418 2130 1486; x_wconf 91' lang='lat' dir='ltr'><strong>populi</strong></span> 
     </span>
     <span class='ocr_line' id='line_1_14' title="bbox 229 1502 2120 1569; baseline 0.001 -14"><span class='ocrx_word' id='word_1_99' title='bbox 229 1504 484 1569; x_wconf 88' lang='lat' dir='ltr'><strong>obtentu,</strong></span> <span class='ocrx_word' id='word_1_100' title='bbox 543 1502 854 1556; x_wconf 89' lang='lat' dir='ltr'><strong>Romanum</strong></span> <span class='ocrx_word' id='word_1_101' title='bbox 910 1503 1227 1557; x_wconf 85' lang='lat' dir='ltr'><strong>Pontificem</strong></span> <span class='ocrx_word' id='word_1_102' title='bbox 1265 1520 1293 1556; x_wconf 92' lang='lat' dir='ltr'><strong>e</strong></span> <span class='ocrx_word' id='word_1_103' title='bbox 1330 1504 1468 1558; x_wconf 89' lang='lat' dir='ltr'><strong>solio</strong></span> <span class='ocrx_word' id='word_1_104' title='bbox 1508 1506 1797 1558; x_wconf 90' lang='lat' dir='ltr'><strong>deturbare</strong></span> <span class='ocrx_word' id='word_1_105' title='bbox 1839 1512 2120 1559; x_wconf 90' lang='lat' dir='ltr'><strong>conantur.</strong></span> 
     </span>
     <span class='ocr_line' id='line_1_15' title="bbox 228 1588 2129 1661; baseline 0.003 -21"><span class='ocrx_word' id='word_1_106' title='bbox 228 1591 288 1640; x_wconf 90' lang='lat' dir='ltr'><strong>Et</strong></span> <span class='ocrx_word' id='word_1_107' title='bbox 323 1588 458 1641; x_wconf 91' lang='lat' dir='ltr'><strong>dum</strong></span> <span class='ocrx_word' id='word_1_108' title='bbox 496 1590 823 1643; x_wconf 85' lang='lat' dir='ltr'><strong>arctioribus</strong></span> <span class='ocrx_word' id='word_1_109' title='bbox 860 1596 1091 1643; x_wconf 85' lang='lat' dir='ltr'><strong>mutuae</strong></span> <span class='ocrx_word' id='word_1_110' title='bbox 1129 1592 1372 1644; x_wconf 86' lang='lat' dir='ltr'><strong>caritatis</strong></span> <span class='ocrx_word' id='word_1_111' title='bbox 1410 1593 1640 1645; x_wconf 84' lang='lat' dir='ltr'><strong>nexibus</strong></span> <span class='ocrx_word' id='word_1_112' title='bbox 1678 1609 1777 1661; x_wconf 89' lang='lat' dir='ltr'><strong>per</strong></span> <span class='ocrx_word' id='word_1_113' title='bbox 1813 1593 1963 1646; x_wconf 89' lang='lat' dir='ltr'><strong>hunc</strong></span> <span class='ocrx_word' id='word_1_114' title='bbox 2003 1605 2129 1646; x_wconf 88' lang='lat' dir='ltr'><strong>con-</strong></span> 
     </span>
     <span class='ocr_line' id='line_1_16' title="bbox 227 1675 2129 1749; baseline 0.004 -23"><span class='ocrx_word' id='word_1_115' title='bbox 227 1684 453 1727; x_wconf 84' lang='lat' dir='ltr'><strong>ventum</strong></span> <span class='ocrx_word' id='word_1_116' title='bbox 492 1675 827 1744; x_wconf 88' lang='lat' dir='ltr'><strong>obstringere</strong></span> <span class='ocrx_word' id='word_1_117' title='bbox 866 1678 1155 1730; x_wconf 89' lang='lat' dir='ltr'><strong>studuistis</strong></span> <span class='ocrx_word' id='word_1_118' title='bbox 1195 1693 1388 1730; x_wconf 90' lang='lat' dir='ltr'><strong>omnes</strong></span> <span class='ocrx_word' id='word_1_119' title='bbox 1450 1680 1597 1732; x_wconf 89' lang='lat' dir='ltr'><strong>orbis</strong></span> <span class='ocrx_word' id='word_1_120' title='bbox 1660 1679 1955 1749; x_wconf 88' lang='lat' dir='ltr'><strong>Ecclesias;</strong></span> <span class='ocrx_word' id='word_1_121' title='bbox 2025 1682 2129 1733; x_wconf 91' lang='lat' dir='ltr'><strong>hoc</strong></span> 
     </span>
     <span class='ocr_line' id='line_1_17' title="bbox 227 1762 2125 1834; baseline 0.004 -22"><span class='ocrx_word' id='word_1_122' title='bbox 227 1762 392 1813; x_wconf 89' lang='lat' dir='ltr'><strong>etiam</strong></span> <span class='ocrx_word' id='word_1_123' title='bbox 429 1762 793 1828; x_wconf 86' lang='lat' dir='ltr'><strong>praestitistis,</strong></span> <span class='ocrx_word' id='word_1_124' title='bbox 841 1768 902 1815; x_wconf 90' lang='lat' dir='ltr'><strong>ut</strong></span> <span class='ocrx_word' id='word_1_125' title='bbox 941 1763 1199 1817; x_wconf 90' lang='lat' dir='ltr'><strong>uberiore</strong></span> <span class='ocrx_word' id='word_1_126' title='bbox 1240 1765 1557 1831; x_wconf 86' lang='lat' dir='ltr'><strong>evangelico</strong></span> <span class='ocrx_word' id='word_1_127' title='bbox 1594 1766 1794 1833; x_wconf 90' lang='lat' dir='ltr'><strong>spiritu</strong></span> <span class='ocrx_word' id='word_1_128' title='bbox 1831 1767 2030 1834; x_wconf 90' lang='lat' dir='ltr'><strong>repleti</strong></span> <span class='ocrx_word' id='word_1_129' title='bbox 2058 1768 2125 1819; x_wconf 90' lang='lat' dir='ltr'><strong>ad</strong></span> 
     </span>
     <span class='ocr_line' id='line_1_18' title="bbox 227 1847 2130 1921; baseline 0.004 -22"><span class='ocrx_word' id='word_1_130' title='bbox 227 1847 531 1901; x_wconf 86' lang='lat' dir='ltr'><strong>Beatissimi</strong></span> <span class='ocrx_word' id='word_1_131' title='bbox 568 1848 712 1900; x_wconf 90' lang='lat' dir='ltr'><strong>Petri</strong></span> <span class='ocrx_word' id='word_1_132' title='bbox 749 1847 1013 1917; x_wconf 88' lang='lat' dir='ltr'><strong>Principis</strong></span> <span class='ocrx_word' id='word_1_133' title='bbox 1051 1851 1439 1918; x_wconf 87' lang='lat' dir='ltr'><strong>Apostolorum</strong></span> <span class='ocrx_word' id='word_1_134' title='bbox 1466 1860 1519 1904; x_wconf 90' lang='lat' dir='ltr'><strong>et</strong></span> <span class='ocrx_word' id='word_1_135' title='bbox 1542 1851 1701 1904; x_wconf 91' lang='lat' dir='ltr'><strong>Pauli</strong></span> <span class='ocrx_word' id='word_1_136' title='bbox 1740 1854 1975 1906; x_wconf 89' lang='lat' dir='ltr'><strong>doctoris</strong></span> <span class='ocrx_word' id='word_1_137' title='bbox 2001 1870 2130 1921; x_wconf 88' lang='lat' dir='ltr'><strong>gen-</strong></span> 
     </span>
     <span class='ocr_line' id='line_1_19' title="bbox 230 1933 2125 2009; baseline 0.005 -25"><span class='ocrx_word' id='word_1_138' title='bbox 230 1933 367 1985; x_wconf 91' lang='lat' dir='ltr'><strong>tium</strong></span> <span class='ocrx_word' id='word_1_139' title='bbox 407 1935 618 1988; x_wconf 86' lang='lat' dir='ltr'><strong>cineres</strong></span> <span class='ocrx_word' id='word_1_140' title='bbox 640 1974 657 2001; x_wconf 92' lang='lat'><strong>,</strong></span> <span class='ocrx_word' id='word_1_141' title='bbox 721 1933 973 1989; x_wconf 87' lang='lat' dir='ltr'><strong>fortiores</strong></span> <span class='ocrx_word' id='word_1_142' title='bbox 1017 1937 1148 1991; x_wconf 90' lang='lat' dir='ltr'><strong>inde</strong></span> <span class='ocrx_word' id='word_1_143' title='bbox 1189 1938 1550 1992; x_wconf 89' lang='lat' dir='ltr'><strong>discederetis</strong></span> <span class='ocrx_word' id='word_1_144' title='bbox 1588 1940 1656 1992; x_wconf 87' lang='lat' dir='ltr'><strong>ad</strong></span> <span class='ocrx_word' id='word_1_145' title='bbox 1694 1941 2125 2009; x_wconf 91' lang='lat' dir='ltr'><strong>perrumpendas</strong></span> 
     </span>
    </p>
   </div>
   <div class='ocr_carea' id='block_1_3' title="bbox 226 2284 2167 3695">
    <p class='ocr_par' dir='ltr' id='par_1_3' title="bbox 226 2284 2167 3695">
     <span class='ocr_line' id='line_1_20' title="bbox 229 2284 2125 2350; baseline -0.001 -13"><span class='ocrx_word' id='word_1_146' title='bbox 229 2288 398 2348; x_wconf 79' lang='lat' dir='ltr'><strong>propri</strong></span> <span class='ocrx_word' id='word_1_147' title='bbox 429 2289 635 2338; x_wconf 83' lang='lat' dir='ltr'><strong>maestri</strong></span> <span class='ocrx_word' id='word_1_148' title='bbox 665 2288 711 2337; x_wconf 94' lang='grc'><strong>16</strong></span> <span class='ocrx_word' id='word_1_149' title='bbox 743 2288 981 2337; x_wconf 85' lang='lat' dir='ltr'><strong>cristiane</strong></span> <span class='ocrx_word' id='word_1_150' title='bbox 1012 2287 1160 2350; x_wconf 87' lang='lat' dir='ltr'><strong>genti</strong></span> <span class='ocrx_word' id='word_1_151' title='bbox 1191 2289 1241 2338; x_wconf 89' lang='lat' dir='ltr'><strong>si</strong></span> <span class='ocrx_word' id='word_1_152' title='bbox 1264 2286 1555 2338; x_wconf 84' lang='lat' dir='ltr'><strong>raffermino</strong></span> <span class='ocrx_word' id='word_1_153' title='bbox 1586 2288 1940 2350; x_wconf 87' lang='lat' dir='ltr'><strong>nell’ossequio</strong></span> <span class='ocrx_word' id='word_1_154' title='bbox 1971 2302 1998 2337; x_wconf 92' lang='grc'><strong>6</strong></span> <span class='ocrx_word' id='word_1_155' title='bbox 2022 2284 2125 2337; x_wconf 46' lang='lat' dir='ltr'><strong>nel*</strong></span> 
     </span>
     <span class='ocr_line' id='line_1_21' title="bbox 227 2360 2126 2426; baseline 0.002 -18"><span class='ocrx_word' id='word_1_156' title='bbox 227 2364 434 2411; x_wconf 84' lang='lat' dir='ltr'><strong>l&#39;amore</strong></span> <span class='ocrx_word' id='word_1_157' title='bbox 465 2376 610 2412; x_wconf 86' lang='lat' dir='ltr'><strong>verso</strong></span> <span class='ocrx_word' id='word_1_158' title='bbox 641 2366 821 2424; x_wconf 87' lang='lat' dir='ltr'><strong>questa</strong></span> <span class='ocrx_word' id='word_1_159' title='bbox 852 2364 1011 2412; x_wconf 86' lang='lat' dir='ltr'><strong>Santa</strong></span> <span class='ocrx_word' id='word_1_160' title='bbox 1042 2365 1186 2426; x_wconf 85' lang='lat' dir='ltr'><strong>Sede,</strong></span> <span class='ocrx_word' id='word_1_161' title='bbox 1210 2366 1273 2413; x_wconf 88' lang='lat' dir='ltr'><strong>ed</strong></span> <span class='ocrx_word' id='word_1_162' title='bbox 1304 2366 1358 2411; x_wconf 91' lang='lat' dir='ltr'><strong>in</strong></span> <span class='ocrx_word' id='word_1_163' title='bbox 1389 2360 1455 2412; x_wconf 87' lang='lat' dir='ltr'><strong>lei</strong></span> <span class='ocrx_word' id='word_1_164' title='bbox 1486 2365 1660 2412; x_wconf 89' lang='lat' dir='ltr'><strong>fissino</strong></span> <span class='ocrx_word' id='word_1_165' title='bbox 1681 2364 1772 2424; x_wconf 80' lang='lat' dir='ltr'><strong>piu</strong></span> <span class='ocrx_word' id='word_1_166' title='bbox 1792 2364 2126 2412; x_wconf 82' lang='lat' dir='ltr'><strong>attesamente</strong></span> 
     </span>
     <span class='ocr_line' id='line_1_22' title="bbox 227 2438 2123 2499; baseline 0.002 -16"><span class='ocrx_word' id='word_1_167' title='bbox 227 2438 302 2496; x_wconf 81' lang='lat' dir='ltr'><strong>gli</strong></span> <span class='ocrx_word' id='word_1_168' title='bbox 347 2438 488 2486; x_wconf 87' lang='lat' dir='ltr'><strong>occhi</strong></span> <span class='ocrx_word' id='word_1_169' title='bbox 533 2439 663 2486; x_wconf 88' lang='lat' dir='ltr'><strong>della</strong></span> <span class='ocrx_word' id='word_1_170' title='bbox 708 2439 895 2487; x_wconf 87' lang='lat' dir='ltr'><strong>mente.</strong></span> <span class='ocrx_word' id='word_1_171' title='bbox 945 2440 1052 2488; x_wconf 85' lang='lat' dir='ltr'><strong>Con</strong></span> <span class='ocrx_word' id='word_1_172' title='bbox 1097 2441 1301 2487; x_wconf 88' lang='lat' dir='ltr'><strong>sussidii</strong></span> <span class='ocrx_word' id='word_1_173' title='bbox 1349 2440 1556 2487; x_wconf 88' lang='lat' dir='ltr'><strong>raccolti</strong></span> <span class='ocrx_word' id='word_1_174' title='bbox 1589 2440 1653 2487; x_wconf 87' lang='lat' dir='ltr'><strong>da</strong></span> <span class='ocrx_word' id='word_1_175' title='bbox 1684 2441 1811 2499; x_wconf 82' lang='lat' dir='ltr'><strong>ogni</strong></span> <span class='ocrx_word' id='word_1_176' title='bbox 1843 2441 1987 2499; x_wconf 87' lang='lat' dir='ltr'><strong>parte</strong></span> <span class='ocrx_word' id='word_1_177' title='bbox 2020 2452 2123 2499; x_wconf 86' lang='lat' dir='ltr'><strong>qua</strong></span> 
     </span>
     <span class='ocr_line' id='line_1_23' title="bbox 227 2513 2127 2574; baseline 0.002 -16"><span class='ocrx_word' id='word_1_178' title='bbox 227 2513 520 2561; x_wconf 87' lang='lat' dir='ltr'><strong>conveniste</strong></span> <span class='ocrx_word' id='word_1_179' title='bbox 566 2525 655 2572; x_wconf 89' lang='lat' dir='ltr'><strong>per</strong></span> <span class='ocrx_word' id='word_1_180' title='bbox 701 2513 954 2562; x_wconf 85' lang='lat' dir='ltr'><strong>sostenere</strong></span> <span class='ocrx_word' id='word_1_181' title='bbox 1000 2515 1035 2561; x_wconf 92' lang='lat' dir='ltr'><strong>il</strong></span> <span class='ocrx_word' id='word_1_182' title='bbox 1066 2515 1245 2562; x_wconf 90' lang='lat' dir='ltr'><strong>Nostro</strong></span> <span class='ocrx_word' id='word_1_183' title='bbox 1292 2516 1439 2563; x_wconf 86' lang='lat' dir='ltr'><strong>civile</strong></span> <span class='ocrx_word' id='word_1_184' title='bbox 1482 2516 1770 2574; x_wconf 87' lang='lat' dir='ltr'><strong>Principato</strong></span> <span class='ocrx_word' id='word_1_185' title='bbox 1815 2515 2127 2563; x_wconf 81' lang='lat' dir='ltr'><strong>combattuto</strong></span> 
     </span>
     <span class='ocr_line' id='line_1_24' title="bbox 227 2585 2167 2650; baseline 0.002 -17"><span class='ocrx_word' id='word_1_186' title='bbox 227 2598 322 2633; x_wconf 92' lang='lat' dir='ltr'><strong>con</strong></span> <span class='ocrx_word' id='word_1_187' title='bbox 352 2587 500 2635; x_wconf 82' lang='lat' dir='ltr'><strong>tanta</strong></span> <span class='ocrx_word' id='word_1_188' title='bbox 529 2588 768 2650; x_wconf 83' lang='lat' dir='ltr'><strong>perfidia3</strong></span> <span class='ocrx_word' id='word_1_189' title='bbox 801 2601 832 2635; x_wconf 87' lang='lat' dir='ltr'><strong>a</strong></span> <span class='ocrx_word' id='word_1_190' title='bbox 862 2585 964 2637; x_wconf 88' lang='lat' dir='ltr'><strong>fine</strong></span> <span class='ocrx_word' id='word_1_191' title='bbox 997 2590 1049 2636; x_wconf 92' lang='lat' dir='ltr'><strong>di</strong></span> <span class='ocrx_word' id='word_1_192' title='bbox 1089 2586 1351 2637; x_wconf 86' lang='lat' dir='ltr'><strong>affermare</strong></span> <span class='ocrx_word' id='word_1_193' title='bbox 1398 2589 1500 2637; x_wconf 77' lang='lat' dir='ltr'><strong>cosi</strong></span> <span class='ocrx_word' id='word_1_194' title='bbox 1547 2603 1640 2637; x_wconf 91' lang='lat' dir='ltr'><strong>con</strong></span> <span class='ocrx_word' id='word_1_195' title='bbox 1689 2590 1867 2650; x_wconf 86' lang='lat' dir='ltr'><strong>questo</strong></span> <span class='ocrx_word' id='word_1_196' title='bbox 1911 2590 2128 2648; x_wconf 89' lang='lat' dir='ltr'><strong>splendi·</strong></span> <span class='ocrx_word' id='word_1_197' title='bbox 2162 2603 2167 2609; x_wconf 70' lang='grc'><strong><em>’</em></strong></span> 
     </span>
     <span class='ocr_line' id='line_1_25' title="bbox 228 2662 2129 2729; baseline 0.002 -20"><span class='ocrx_word' id='word_1_198' title='bbox 228 2662 432 2711; x_wconf 83' lang='lat' dir='ltr'><strong>dissime</strong></span> <span class='ocrx_word' id='word_1_199' title='bbox 460 2663 588 2711; x_wconf 83' lang='lat' dir='ltr'><strong>fatto</strong></span> <span class='ocrx_word' id='word_1_200' title='bbox 620 2677 647 2729; x_wconf 82' lang='lat' dir='ltr'><strong>e</strong></span> <span class='ocrx_word' id='word_1_201' title='bbox 677 2665 753 2712; x_wconf 92' lang='lat' dir='ltr'><strong>coi</strong></span> <span class='ocrx_word' id='word_1_202' title='bbox 784 2666 963 2713; x_wconf 89' lang='lat' dir='ltr'><strong>riuniti</strong></span> <span class='ocrx_word' id='word_1_203' title='bbox 993 2665 1211 2726; x_wconf 86' lang='lat' dir='ltr'><strong>suffragi</strong></span> <span class='ocrx_word' id='word_1_204' title='bbox 1234 2667 1313 2714; x_wconf 93' lang='lat' dir='ltr'><strong>del</strong></span> <span class='ocrx_word' id='word_1_205' title='bbox 1344 2667 1530 2714; x_wconf 89' lang='lat' dir='ltr'><strong>mondo</strong></span> <span class='ocrx_word' id='word_1_206' title='bbox 1560 2666 1792 2714; x_wconf 84' lang='lat' dir='ltr'><strong>cattolico</strong></span> <span class='ocrx_word' id='word_1_207' title='bbox 1811 2668 1861 2712; x_wconf 85' lang='lat' dir='ltr'><strong>la</strong></span> <span class='ocrx_word' id='word_1_208' title='bbox 1883 2666 2129 2714; x_wconf 74' lang='lat' dir='ltr'><strong>necessita</strong></span> 
     </span>
     <span class='ocr_line' id='line_1_26' title="bbox 228 2737 2127 2802; baseline 0.002 -18"><span class='ocrx_word' id='word_1_209' title='bbox 228 2737 280 2784; x_wconf 90' lang='lat' dir='ltr'><strong>di</strong></span> <span class='ocrx_word' id='word_1_210' title='bbox 308 2749 417 2785; x_wconf 84' lang='lat' dir='ltr'><strong>esso</strong></span> <span class='ocrx_word' id='word_1_211' title='bbox 446 2751 535 2796; x_wconf 89' lang='lat' dir='ltr'><strong>per</strong></span> <span class='ocrx_word' id='word_1_212' title='bbox 563 2739 600 2785; x_wconf 89' lang='lat' dir='ltr'><strong>il</strong></span> <span class='ocrx_word' id='word_1_213' title='bbox 631 2740 787 2788; x_wconf 91' lang='lat' dir='ltr'><strong>libero</strong></span> <span class='ocrx_word' id='word_1_214' title='bbox 819 2740 1054 2788; x_wconf 86' lang='lat' dir='ltr'><strong>Governo</strong></span> <span class='ocrx_word' id='word_1_215' title='bbox 1087 2742 1217 2789; x_wconf 89' lang='lat' dir='ltr'><strong>della</strong></span> <span class='ocrx_word' id='word_1_216' title='bbox 1247 2741 1443 2789; x_wconf 83' lang='lat' dir='ltr'><strong>Chiesa.</strong></span> <span class='ocrx_word' id='word_1_217' title='bbox 1479 2742 1772 2789; x_wconf 86' lang='lat' dir='ltr'><strong>Giudicaste</strong></span> <span class='ocrx_word' id='word_1_218' title='bbox 1818 2742 1901 2802; x_wconf 92' lang='lat' dir='ltr'><strong>poi</strong></span> <span class='ocrx_word' id='word_1_219' title='bbox 1947 2743 2127 2789; x_wconf 86' lang='lat' dir='ltr'><strong>dovere</strong></span> 
     </span>
     <span class='ocr_line' id='line_1_27' title="bbox 227 2811 2126 2876; baseline 0.003 -19"><span class='ocrx_word' id='word_1_220' title='bbox 227 2811 494 2860; x_wconf 86' lang='lat' dir='ltr'><strong>retribuire</strong></span> <span class='ocrx_word' id='word_1_221' title='bbox 526 2812 577 2859; x_wconf 92' lang='lat' dir='ltr'><strong>di</strong></span> <span class='ocrx_word' id='word_1_222' title='bbox 606 2813 706 2861; x_wconf 88' lang='lat' dir='ltr'><strong>ben</strong></span> <span class='ocrx_word' id='word_1_223' title='bbox 737 2814 969 2862; x_wconf 85' lang='lat' dir='ltr'><strong>meritate</strong></span> <span class='ocrx_word' id='word_1_224' title='bbox 999 2816 1100 2862; x_wconf 93' lang='lat' dir='ltr'><strong>lodi</strong></span> <span class='ocrx_word' id='word_1_225' title='bbox 1130 2816 1167 2862; x_wconf 94' lang='grc'><strong>11</strong></span> <span class='ocrx_word' id='word_1_226' title='bbox 1200 2815 1374 2863; x_wconf 83' lang='grc'><strong>(1116116</strong></span> <span class='ocrx_word' id='word_1_227' title='bbox 1406 2816 1584 2864; x_wconf 88' lang='lat' dir='ltr'><strong>Nostro</strong></span> <span class='ocrx_word' id='word_1_228' title='bbox 1615 2818 1795 2876; x_wconf 93' lang='lat' dir='ltr'><strong>popolo</strong></span> <span class='ocrx_word' id='word_1_229' title='bbox 1839 2829 2066 2875; x_wconf 85' lang='grc'><strong>161116116,</strong></span> <span class='ocrx_word' id='word_1_230' title='bbox 2099 2829 2126 2863; x_wconf 90' lang='grc'><strong>6</strong></span> 
     </span>
     <span class='ocr_line' id='line_1_28' title="bbox 227 2884 2126 2950; baseline 0.003 -20"><span class='ocrx_word' id='word_1_231' title='bbox 227 2884 273 2931; x_wconf 92' lang='grc'><strong>16</strong></span> <span class='ocrx_word' id='word_1_232' title='bbox 317 2885 451 2933; x_wconf 85' lang='lat' dir='ltr'><strong>certe</strong></span> <span class='ocrx_word' id='word_1_233' title='bbox 494 2899 522 2934; x_wconf 88' lang='lat' dir='ltr'><strong>e</strong></span> <span class='ocrx_word' id='word_1_234' title='bbox 567 2887 877 2936; x_wconf 86' lang='lat' dir='ltr'><strong>chiarissime</strong></span> <span class='ocrx_word' id='word_1_235' title='bbox 925 2889 1302 2938; x_wconf 86' lang='lat' dir='ltr'><strong>dimostrazioni</strong></span> <span class='ocrx_word' id='word_1_236' title='bbox 1351 2891 1430 2937; x_wconf 92' lang='lat' dir='ltr'><strong>del</strong></span> <span class='ocrx_word' id='word_1_237' title='bbox 1479 2903 1571 2937; x_wconf 88' lang='lat' dir='ltr'><strong>suo</strong></span> <span class='ocrx_word' id='word_1_238' title='bbox 1617 2891 1827 2950; x_wconf 89' lang='lat' dir='ltr'><strong>rispetto</strong></span> <span class='ocrx_word' id='word_1_239' title='bbox 1866 2892 1927 2938; x_wconf 89' lang='lat' dir='ltr'><strong>ed</strong></span> <span class='ocrx_word' id='word_1_240' title='bbox 1958 2902 2126 2936; x_wconf 86' lang='lat' dir='ltr'><strong>amore</strong></span> 
     </span>
     <span class='ocr_line' id='line_1_29' title="bbox 228 2959 2126 3024; baseline 0.003 -19"><span class='ocrx_word' id='word_1_241' title='bbox 228 2966 373 3006; x_wconf 79' lang='lat' dir='ltr'><strong>verso</strong></span> <span class='ocrx_word' id='word_1_242' title='bbox 404 2959 467 3007; x_wconf 85' lang='lat' dir='ltr'><strong>di·</strong></span> <span class='ocrx_word' id='word_1_243' title='bbox 486 2960 601 3021; x_wconf 92' lang='lat' dir='ltr'><strong>noi;</strong></span> <span class='ocrx_word' id='word_1_244' title='bbox 634 2961 710 3008; x_wconf 85' lang='lat' dir='ltr'><strong>sia</strong></span> <span class='ocrx_word' id='word_1_245' title='bbox 738 2975 828 3021; x_wconf 90' lang='lat' dir='ltr'><strong>per</strong></span> <span class='ocrx_word' id='word_1_246' title='bbox 860 2975 1058 3023; x_wconf 88' lang='lat' dir='ltr'><strong>sempre</strong></span> <span class='ocrx_word' id='word_1_247' title='bbox 1086 2963 1179 3023; x_wconf 80' lang='lat' dir='ltr'><strong>piu</strong></span> <span class='ocrx_word' id='word_1_248' title='bbox 1210 2965 1547 3013; x_wconf 85' lang='lat' dir='ltr'><strong>alacremente</strong></span> <span class='ocrx_word' id='word_1_249' title='bbox 1578 2978 1609 3011; x_wconf 93' lang='grc'><strong>6</strong></span> <span class='ocrx_word' id='word_1_250' title='bbox 1640 2965 1717 3013; x_wconf 84' lang='lat' dir='ltr'><strong>cio</strong></span> <span class='ocrx_word' id='word_1_251' title='bbox 1738 2966 2030 3024; x_wconf 83' lang='lat' dir='ltr'><strong>stimolarIO,</strong></span> <span class='ocrx_word' id='word_1_252' title='bbox 2052 2965 2126 3011; x_wconf 90' lang='lat' dir='ltr'><strong>sia</strong></span> 
     </span>
     <span class='ocr_line' id='line_1_30' title="bbox 227 3034 2126 3100; baseline 0.003 -20"><span class='ocrx_word' id='word_1_253' title='bbox 227 3046 316 3092; x_wconf 88' lang='lat' dir='ltr'><strong>per</strong></span> <span class='ocrx_word' id='word_1_254' title='bbox 361 3034 650 3083; x_wconf 82' lang='lat' dir='ltr'><strong>vendicarlo</strong></span> <span class='ocrx_word' id='word_1_255' title='bbox 696 3035 825 3085; x_wconf 88' lang='lat' dir='ltr'><strong>dalle</strong></span> <span class='ocrx_word' id='word_1_256' title='bbox 871 3038 1110 3086; x_wconf 83' lang='lat' dir='ltr'><strong>calunnie</strong></span> <span class='ocrx_word' id='word_1_257' title='bbox 1158 3039 1336 3086; x_wconf 89' lang='lat' dir='ltr'><strong>contro</strong></span> <span class='ocrx_word' id='word_1_258' title='bbox 1386 3039 1437 3086; x_wconf 86' lang='lat' dir='ltr'><strong>di</strong></span> <span class='ocrx_word' id='word_1_259' title='bbox 1481 3040 1555 3086; x_wconf 86' lang='lat' dir='ltr'><strong>lui</strong></span> <span class='ocrx_word' id='word_1_260' title='bbox 1602 3040 1898 3100; x_wconf 87' lang='lat' dir='ltr'><strong>fabbricate‚</strong></span> <span class='ocrx_word' id='word_1_261' title='bbox 1932 3041 2007 3087; x_wconf 88' lang='lat' dir='ltr'><strong>sia</strong></span> <span class='ocrx_word' id='word_1_262' title='bbox 2037 3052 2126 3098; x_wconf 90' lang='lat' dir='ltr'><strong>per</strong></span> 
     </span>
     <span class='ocr_line' id='line_1_31' title="bbox 226 3108 2124 3175; baseline 0.004 -22"><span class='ocrx_word' id='word_1_263' title='bbox 226 3108 514 3167; x_wconf 87' lang='lat' dir='ltr'><strong>imprimere</strong></span> <span class='ocrx_word' id='word_1_264' title='bbox 542 3110 593 3156; x_wconf 91' lang='grc'><strong>16</strong></span> <span class='ocrx_word' id='word_1_265' title='bbox 622 3109 744 3157; x_wconf 89' lang='grc'><strong>11616</strong></span> <span class='ocrx_word' id='word_1_266' title='bbox 775 3110 964 3159; x_wconf 85' lang='lat' dir='ltr'><strong>infame</strong></span> <span class='ocrx_word' id='word_1_267' title='bbox 996 3111 1048 3159; x_wconf 90' lang='lat' dir='ltr'><strong>di</strong></span> <span class='ocrx_word' id='word_1_268' title='bbox 1079 3112 1328 3173; x_wconf 83' lang='lat' dir='ltr'><strong>sacrilego</strong></span> <span class='ocrx_word' id='word_1_269' title='bbox 1359 3113 1666 3163; x_wconf 82' lang='lat' dir='ltr'><strong>tradimento</strong></span> <span class='ocrx_word' id='word_1_270' title='bbox 1697 3126 1758 3160; x_wconf 89' lang='lat' dir='ltr'><strong>su</strong></span> <span class='ocrx_word' id='word_1_271' title='bbox 1789 3114 1971 3174; x_wconf 88' lang='lat' dir='ltr'><strong>quelli,</strong></span> <span class='ocrx_word' id='word_1_272' title='bbox 2015 3114 2124 3175; x_wconf 86' lang='lat' dir='ltr'><strong>che,</strong></span> 
     </span>
     <span class='ocr_line' id='line_1_32' title="bbox 228 3183 2127 3247; baseline 0.002 -17"><span class='ocrx_word' id='word_1_273' title='bbox 228 3183 304 3230; x_wconf 90' lang='lat' dir='ltr'><strong>col</strong></span> <span class='ocrx_word' id='word_1_274' title='bbox 333 3183 553 3241; x_wconf 84' lang='lat' dir='ltr'><strong>pretesto</strong></span> <span class='ocrx_word' id='word_1_275' title='bbox 584 3184 714 3231; x_wconf 87' lang='lat' dir='ltr'><strong>della</strong></span> <span class='ocrx_word' id='word_1_276' title='bbox 746 3183 933 3232; x_wconf 71' lang='lat' dir='ltr'><strong>felicita</strong></span> <span class='ocrx_word' id='word_1_277' title='bbox 963 3185 1041 3234; x_wconf 91' lang='lat' dir='ltr'><strong>del</strong></span> <span class='ocrx_word' id='word_1_278' title='bbox 1074 3188 1253 3247; x_wconf 91' lang='lat' dir='ltr'><strong>popolo</strong></span> <span class='ocrx_word' id='word_1_279' title='bbox 1273 3223 1285 3247; x_wconf 91' lang='lat'><strong>,</strong></span> <span class='ocrx_word' id='word_1_280' title='bbox 1319 3188 1362 3234; x_wconf 90' lang='lat' dir='ltr'><strong>si</strong></span> <span class='ocrx_word' id='word_1_281' title='bbox 1393 3188 1622 3235; x_wconf 86' lang='lat' dir='ltr'><strong>sforzano</strong></span> <span class='ocrx_word' id='word_1_282' title='bbox 1663 3189 1714 3235; x_wconf 90' lang='lat' dir='ltr'><strong>di</strong></span> <span class='ocrx_word' id='word_1_283' title='bbox 1754 3189 2003 3237; x_wconf 84' lang='lat' dir='ltr'><strong>scacciare</strong></span> <span class='ocrx_word' id='word_1_284' title='bbox 2045 3189 2127 3235; x_wconf 91' lang='lat' dir='ltr'><strong>dal</strong></span> 
     </span>
     <span class='ocr_line' id='line_1_33' title="bbox 228 3257 2125 3324; baseline 0.003 -22"><span class='ocrx_word' id='word_1_285' title='bbox 228 3257 391 3316; x_wconf 79' lang='lat' dir='ltr'><strong>sog-lio</strong></span> <span class='ocrx_word' id='word_1_286' title='bbox 419 3257 455 3303; x_wconf 88' lang='lat' dir='ltr'><strong>il</strong></span> <span class='ocrx_word' id='word_1_287' title='bbox 486 3259 711 3306; x_wconf 85' lang='lat' dir='ltr'><strong>Romano</strong></span> <span class='ocrx_word' id='word_1_288' title='bbox 742 3259 1011 3309; x_wconf 88' lang='lat' dir='ltr'><strong>Pontefice.</strong></span> <span class='ocrx_word' id='word_1_289' title='bbox 1046 3262 1085 3307; x_wconf 91' lang='lat' dir='ltr'><strong>E</strong></span> <span class='ocrx_word' id='word_1_290' title='bbox 1116 3262 1329 3323; x_wconf 87' lang='lat' dir='ltr'><strong>mentre,</strong></span> <span class='ocrx_word' id='word_1_291' title='bbox 1362 3275 1452 3322; x_wconf 90' lang='lat' dir='ltr'><strong>per</strong></span> <span class='ocrx_word' id='word_1_292' title='bbox 1484 3276 1650 3311; x_wconf 88' lang='lat' dir='ltr'><strong>mezzo</strong></span> <span class='ocrx_word' id='word_1_293' title='bbox 1684 3264 1735 3310; x_wconf 93' lang='lat' dir='ltr'><strong>di</strong></span> <span class='ocrx_word' id='word_1_294' title='bbox 1767 3264 1945 3324; x_wconf 89' lang='lat' dir='ltr'><strong>questa</strong></span> <span class='ocrx_word' id='word_1_295' title='bbox 1976 3263 2125 3310; x_wconf 84' lang='lat' dir='ltr'><strong>radu-</strong></span> 
     </span>
     <span class='ocr_line' id='line_1_34' title="bbox 228 3326 2124 3395; baseline 0.003 -19"><span class='ocrx_word' id='word_1_296' title='bbox 228 3343 410 3392; x_wconf 84' lang='lat' dir='ltr'><strong>nanza,</strong></span> <span class='ocrx_word' id='word_1_297' title='bbox 444 3331 688 3382; x_wconf 86' lang='lat' dir='ltr'><strong>studiaste</strong></span> <span class='ocrx_word' id='word_1_298' title='bbox 721 3334 772 3380; x_wconf 91' lang='lat' dir='ltr'><strong>di</strong></span> <span class='ocrx_word' id='word_1_299' title='bbox 803 3326 1058 3394; x_wconf 80' lang='lat' dir='ltr'><strong>stringere</strong></span> <span class='ocrx_word' id='word_1_300' title='bbox 1088 3336 1223 3384; x_wconf 86' lang='lat' dir='ltr'><strong>tutte</strong></span> <span class='ocrx_word' id='word_1_301' title='bbox 1254 3339 1300 3384; x_wconf 89' lang='lat' dir='ltr'><strong>le</strong></span> <span class='ocrx_word' id='word_1_302' title='bbox 1331 3337 1507 3386; x_wconf 84' lang='lat' dir='ltr'><strong>Ohiese</strong></span> <span class='ocrx_word' id='word_1_303' title='bbox 1554 3339 1633 3386; x_wconf 90' lang='lat' dir='ltr'><strong>del</strong></span> <span class='ocrx_word' id='word_1_304' title='bbox 1677 3340 1863 3387; x_wconf 90' lang='lat' dir='ltr'><strong>mondo</strong></span> <span class='ocrx_word' id='word_1_305' title='bbox 1897 3351 1991 3386; x_wconf 88' lang='lat' dir='ltr'><strong>con</strong></span> <span class='ocrx_word' id='word_1_306' title='bbox 2035 3336 2124 3395; x_wconf 82' lang='lat' dir='ltr'><strong>piu</strong></span> 
     </span>
     <span class='ocr_line' id='line_1_35' title="bbox 227 3404 2126 3474; baseline 0.003 -23"><span class='ocrx_word' id='word_1_307' title='bbox 227 3404 343 3453; x_wconf 86' lang='lat' dir='ltr'><strong>forti</strong></span> <span class='ocrx_word' id='word_1_308' title='bbox 372 3406 561 3466; x_wconf 75' lang='lat' dir='ltr'><strong>leg-ami</strong></span> <span class='ocrx_word' id='word_1_309' title='bbox 594 3409 646 3456; x_wconf 83' lang='lat' dir='ltr'><strong>di</strong></span> <span class='ocrx_word' id='word_1_310' title='bbox 676 3410 1009 3459; x_wconf 86' lang='lat' dir='ltr'><strong>scambievole</strong></span> <span class='ocrx_word' id='word_1_311' title='bbox 1041 3410 1216 3471; x_wconf 76' lang='lat' dir='ltr'><strong>carita,</strong></span> <span class='ocrx_word' id='word_1_312' title='bbox 1249 3413 1497 3460; x_wconf 87' lang='lat' dir='ltr'><strong>otteneste</strong></span> <span class='ocrx_word' id='word_1_313' title='bbox 1529 3426 1715 3461; x_wconf 86' lang='lat' dir='ltr'><strong>ancora</strong></span> <span class='ocrx_word' id='word_1_314' title='bbox 1748 3414 1841 3462; x_wconf 90' lang='lat' dir='ltr'><strong>che</strong></span> <span class='ocrx_word' id='word_1_315' title='bbox 1862 3449 1875 3474; x_wconf 82' lang='lat'>‚</span> <span class='ocrx_word' id='word_1_316' title='bbox 1908 3412 2126 3460; x_wconf 81' lang='lat' dir='ltr'><strong>risorniti</strong></span> 
     </span>
     <span class='ocr_line' id='line_1_36' title="bbox 229 3479 2127 3545; baseline 0.003 -19"><span class='ocrx_word' id='word_1_317' title='bbox 229 3479 280 3525; x_wconf 92' lang='lat' dir='ltr'><strong>di</strong></span> <span class='ocrx_word' id='word_1_318' title='bbox 309 3480 399 3539; x_wconf 78' lang='lat' dir='ltr'><strong>piu</strong></span> <span class='ocrx_word' id='word_1_319' title='bbox 428 3480 636 3530; x_wconf 78' lang='lat' dir='ltr'><strong>secondo</strong></span> <span class='ocrx_word' id='word_1_320' title='bbox 666 3484 844 3543; x_wconf 88' lang='lat' dir='ltr'><strong>spirito</strong></span> <span class='ocrx_word' id='word_1_321' title='bbox 876 3486 1174 3544; x_wconf 85' lang='lat' dir='ltr'><strong>evangelico</strong></span> <span class='ocrx_word' id='word_1_322' title='bbox 1203 3499 1374 3545; x_wconf 88' lang='lat' dir='ltr'><strong>presso</strong></span> <span class='ocrx_word' id='word_1_323' title='bbox 1404 3488 1468 3537; x_wconf 65' lang='lat' dir='ltr'><strong>,le</strong></span> <span class='ocrx_word' id='word_1_324' title='bbox 1502 3489 1670 3536; x_wconf 89' lang='lat' dir='ltr'><strong>ceneri</strong></span> <span class='ocrx_word' id='word_1_325' title='bbox 1713 3489 1792 3536; x_wconf 90' lang='lat' dir='ltr'><strong>del</strong></span> <span class='ocrx_word' id='word_1_326' title='bbox 1833 3488 2127 3535; x_wconf 88' lang='lat' dir='ltr'><strong>Beatissimo</strong></span> 
     </span>
     <span class='ocr_line' id='line_1_37' title="bbox 228 3553 2126 3620; baseline 0.003 -21"><span class='ocrx_word' id='word_1_327' title='bbox 228 3553 393 3602; x_wconf 88' lang='lat' dir='ltr'><strong>Pietro</strong></span> <span class='ocrx_word' id='word_1_328' title='bbox 422 3555 654 3616; x_wconf 91' lang='lat' dir='ltr'><strong>Principe</strong></span> <span class='ocrx_word' id='word_1_329' title='bbox 685 3558 823 3618; x_wconf 85' lang='lat' dir='ltr'><strong>degli</strong></span> <span class='ocrx_word' id='word_1_330' title='bbox 855 3559 1096 3620; x_wconf 86' lang='lat' dir='ltr'><strong>Apostoli,</strong></span> <span class='ocrx_word' id='word_1_331' title='bbox 1131 3573 1158 3608; x_wconf 91' lang='lat' dir='ltr'><strong>e</strong></span> <span class='ocrx_word' id='word_1_332' title='bbox 1190 3561 1242 3608; x_wconf 89' lang='lat' dir='ltr'><strong>di</strong></span> <span class='ocrx_word' id='word_1_333' title='bbox 1275 3562 1422 3608; x_wconf 88' lang='lat' dir='ltr'><strong>Paolo</strong></span> <span class='ocrx_word' id='word_1_334' title='bbox 1453 3563 1658 3610; x_wconf 89' lang='lat' dir='ltr'><strong>Dottore</strong></span> <span class='ocrx_word' id='word_1_335' title='bbox 1706 3563 1832 3610; x_wconf 87' lang='lat' dir='ltr'><strong>delle</strong></span> <span class='ocrx_word' id='word_1_336' title='bbox 1866 3562 2041 3620; x_wconf 85' lang='lat' dir='ltr'><strong>genti,</strong></span> <span class='ocrx_word' id='word_1_337' title='bbox 2076 3561 2126 3606; x_wconf 92' lang='lat' dir='ltr'><strong>di</strong></span> 
     </span>
     <span class='ocr_line' id='line_1_38' title="bbox 228 3627 2121 3695; baseline 0.003 -21"><span class='ocrx_word' id='word_1_338' title='bbox 228 3627 562 3690; x_wconf 81' lang='lat' dir='ltr'><strong>quipartiate</strong></span> <span class='ocrx_word' id='word_1_339' title='bbox 593 3631 675 3690; x_wconf 85' lang='lat' dir='ltr'><strong>poi</strong></span> <span class='ocrx_word' id='word_1_340' title='bbox 706 3629 796 3691; x_wconf 74' lang='lat' dir='ltr'><strong>piu</strong></span> <span class='ocrx_word' id='word_1_341' title='bbox 827 3633 1044 3681; x_wconf 82' lang='lat' dir='ltr'><strong>valorosi</strong></span> <span class='ocrx_word' id='word_1_342' title='bbox 1074 3647 1104 3682; x_wconf 88' lang='grc'><strong>6</strong></span> <span class='ocrx_word' id='word_1_343' title='bbox 1134 3634 1458 3695; x_wconf 82' lang='lat' dir='ltr'><strong>sconfiggere</strong></span> <span class='ocrx_word' id='word_1_344' title='bbox 1488 3637 1534 3683; x_wconf 92' lang='lat' dir='ltr'><strong>le</strong></span> <span class='ocrx_word' id='word_1_345' title='bbox 1569 3636 1771 3695; x_wconf 88' lang='lat' dir='ltr'><strong>falangi</strong></span> <span class='ocrx_word' id='word_1_346' title='bbox 1801 3636 1880 3684; x_wconf 84' lang='lat' dir='ltr'><strong>de&#39;</strong></span> <span class='ocrx_word' id='word_1_347' title='bbox 1905 3635 2086 3681; x_wconf 89' lang='lat' dir='ltr'><strong>nemici</strong></span> <span class='ocrx_word' id='word_1_348' title='bbox 2108 3669 2121 3693; x_wconf 93' lang='lat'><strong>,</strong></span> 
     </span>
    </p>
   </div>
  </div>
 </body>
</html>
