2488 4290
2138 339 2296 411 99⁵

353 467 399 520 6.
442 464 757 519 Dolendum
796 478 1149 532 summopere
1189 469 1307 530 est,
1368 470 1430 516 ut
1466 463 1761 533 populares
1798 465 2017 521 scholae
2053 485 2195 538 quae

279 559 472 622 patent
503 552 769 605 ‘omnibus
808 552 1074 617 cuiusque
1093 565 1132 602 ‘e
1157 548 1361 617 populo
1402 549 1586 603 classis
1624 553 1830 618 pueriS,
1874 569 1936 605 ac
1971 555 2198 621 publica

257 638 579 691 (universim
617 638 900 700 instituta,
944 652 1085 703 quae
1124 637 1325 687 litteris
1366 637 1851 704 seveiioribusque
1891 639 2197 707 disciplinis

282 724 564 776 tradendis
603 730 657 775 et
696 723 1007 775 educationi
1047 722 1352 774 iuventutis
1392 722 1666 774 curandae
1730 728 1860 775 sunt
1897 725 2194 792 destinata,

282 810 590 861 eximantur
625 806 876 874 pluribus
913 809 972 858 in
1012 807 1146 859 locis
1202 807 1269 858 ab
1327 806 1602 859 Ecclesiae
1643 809 1970 862 auctoritate
2007 812 2197 863 mode·

279 894 474 947 ratrice
513 895 566 944 vi
605 900 659 945 et
696 893 943 956 influxu,
1009 892 1294 959 plenoque
1334 892 1512 944 civilis
1563 908 1627 945 ac
1664 892 1922 961 politicae
1964 899 2203 948 auctori-

282 979 406 1031 tatis
445 980 675 1032 arbitrio
733 978 1108 1032 su‘biiciantur
1170 979 1237 1029 ad
1295 978 1695 1045 imperantium
1758 979 1962 1047 placita
2019 988 2071 1033 et
2133 984 2199 1033 ad

277 1066 663 1119 communium
703 1066 896 1118 aetatis
935 1065 1268 1131 opinionum
1309 1064 1615 1117 amussim:
1677 1065 1945 1130 quidnam
2011 1066 2194 1133 itaque

279 1152 417 1203 effici
454 1158 655 1219 posset,
698 1167 807 1218 quo
849 1165 1156 1216 congruum
1185 1155 1337 1201 tanto
1382 1147 1527 1201 malo
1564 1150 1876 1202 remedium
1916 1154 2191 1217 afferatur,

277 1244 332 1291 et
361 1235 818 1289 christifidelibus
855 1240 1104 1313 suppetat
1130 1232 1426 1287 catholicae
1464 1235 1846 1287 instructionis
1886 1242 1940 1287 et
1979 1237 2184 1288 educa-

226 1371 234 1382 ,
278 1325 449 1376 tionis
483 1319 914 1376 adiumentum?

352 1410 397 1463 7.
442 1410 671 1462 Maxime
709 1409 971 1471 interest,
1026 1412 1090 1460 ut
1126 1406 1501 1459 adolescentes
1543 1406 1728 1460 clerici
1769 1408 2197 1462 humanioribus

277 1496 474 1549 litteris
530 1494 1007 1560 severioribusque
1065 1490 1372 1558 disciplinis
1435 1498 1581 1544 recte
1645 1492 1985 1545 imbuantur.
2053 1495 2195 1555 Quid

278 1583 451 1648 igitur
485 1579 782 1648 praescribi
822 1584 1003 1645 posset
1040 1578 1110 1630 ad
1148 1577 1284 1630 Cleri
1324 1578 1746 1630 institutionem
1785 1579 1962 1645 magis
1990 1595 2052 1632 ac
2079 1596 2194 1631 ma-

277 1669 359 1734 gis
394 1666 684 1720 fovendam
722 1665 1233 1730 accommodatum,
1294 1665 1620 1731 praesertim
1658 1670 1721 1715 ut
1759 1665 2063 1718 latinarum
2100 1666 2188 1719 lit-

202 1779 213 1785 -
282 1762 555 1817 terarum,
624 1748 907 1805 rationalis
945 1748 1334 1818 philosophiae
1389 1752 1455 1803 ab
1512 1751 1666 1803 omni
1707 1751 1908 1803 erroris
1946 1753 2192 1818 periculo

277 1840 661 1905 intaminatae,
704 1852 975 1904 sanaeque
1013 1836 1324 1902 theologiae
1350 1837 1603 1903 iurisque
1643 1837 1896 1890 canonici
1937 1839 2191 1891 studium

274 1926 334 1978 in
371 1924 688 1978 seminariis
727 1923 1081 1990 potissimum
1122 1923 1460 1975 dioecesanis
1499 1919 1730 1976 floreat?

335 2010 398 2064 ,8.
444 2010 783 2072 Quibusnam
821 2009 1024 2062 mediis
1064 2009 1333 2061 excitandi
1375 2013 1553 2062 essent
1590 2008 1813 2074 clerici,
1882 2010 1978 2077 qui
2039 2026 2193 2078 prae-

334 2286 380 2333 6.
414 2283 790 2333 Sommamente
821 2282 850 2331 6
879 2282 945 2330 da
975 2282 1234 2342 deplorare
1284 2282 1376 2330 6116
1423 2282 1471 2329 16
1517 2282 1687 2330 scuole
1732 2282 1959 2342 popolari
2008 2282 2100 2331 6116
2147 2284 2190 2331 si

279 2372 471 2420 aprono
518 2372 549 2406 a
594 2348 718 2406 tutti
759 2358 777 2404 i
818 2357 1050 2404 fanciulli
1093 2357 1144 2403 di
1176 2356 1518 2417 qualsivoglia
1549 2358 1723 2415 classe,
1758 2370 1784 2405 e
1815 2356 1870 2404 in
1902 2358 2143 2417 generale
2176 2358 2193 2404 i

277 2433 502 2495 pubblici
531 2432 719 2480 istituti
751 2431 992 2479 destinati
1023 2429 1510 2490 all’insegnamento
1543 2430 1670 2478 delle
1700 2430 1878 2479 lettere
1903 2442 1930 2478 e
1953 2432 2080 2479 delle
2102 2430 2192 2491 piu

277 2521 450 2557 severe
496 2506 760 2566 discipline
806 2519 833 2554 e
879 2505 1275 2553 all’educazione
1322 2504 1453 2552 della
1484 2504 1754 2564 gioventu‚
1789 2505 1931 2552 siano
1960 2505 2016 2551 in
2047 2506 2192 2570 molti

278 2582 462 2642 luoghi
493 2581 655 2630 esenti
687 2579 1033 2628 dall'autorita
1063 2593 1091 2628 e
1121 2579 1257 2627 forza
1286 2579 1618 2627 moderatrice
1650 2579 1781 2627 della
1808 2578 1989 2628 Chiesa
2009 2592 2037 2627 e
2059 2580 2193 2628 dalla

278 2670 372 2705 sua
399 2656 674 2714 influenza,
707 2668 735 2703 e
766 2655 911 2702 siano
942 2654 1284 2702 interamente
1317 2654 1549 2713 soggetti
1583 2655 1631 2700 al
1661 2654 1813 2713 pieno
1845 2654 2055 2701 arbitrio
2094 2654 2195 2702 del-

275 2730 538 2779 l’autorita
579 2729 853 2788 politica-e
895 2728 1043 2776 civile
1075 2728 1291 2775 secondo
1323 2727 1358 2774 il
1390 2728 1590 2787 piacere
1624 2728 1703 2776 de‘
1722 2728 2052 2787 gom-nanti,
2087 2742 2114 2776 e
2145 2729 2195 2776 la

277 2817 458 2853 norma
488 2804 615 2852 delle
645 2803 852 2851 comuni
873 2802 1102 2862 opinioni
1125 2802 1204 2850 del
1226 2802 1414 2861 tempe.
1450 2802 1554 2850 Che
1577 2814 1692 2850 cosa
1714 2803 1924 2862 dunque
1946 2802 2187 2861 potrebbe

277 2878 399 2925 farsi
439 2889 530 2936 per
568 2876 769 2936 portare
799 2888 873 2922 un
907 2875 1247 2923 conveniente
1280 2875 1491 2922 timedio
1523 2888 1553 2921 a
1585 2874 1627 2922 si
1660 2887 1795 2934 gran
1827 2876 1959 2922 male
1989 2888 2016 2923 e
2047 2888 2195 2934 prov-

279 2952 459 3000 vedere
501 2951 550 2998 ai
590 2949 735 2998 fedeli
776 2949 958 2996 l’aiuto
988 2949 1039 2996 di
1069 2961 1177 2996 una
1208 2949 1484 2997 istruzione
1518 2963 1545 2998 e
1576 2949 1628 2997 di
1659 2949 2059 2998 un’educazione
2091 2951 2193 2998 661-

277 3023 466 3074 1011662

336 3099 382 3146 7.
417 3098 795 3146 somma-mente
823 3096 1060 3157 impona,
1094 3097 1187 3145 6116
1217 3097 1234 3144 1
1256 3097 1469 3157 giovani
1494 3097 1700 3146 chierici
1721 3098 1866 3146 siano
1886 3098 2192 3146 rettamente

275 3173 466 3222 istruiti
497 3174 628 3221 nelle
657 3172 834 3221 lettere
866 3182 1054 3219 umane
1084 3183 1112 3219 e
1144 3173 1275 3220 nelle
1306 3171 1397 3230 piu
1428 3184 1601 3220 severe
1633 3172 1915 3232 discipline.
1950 3172 2054 3221 Che
2077 3185 2193 3220 cosa

278 3247 487 3308 dunque
524 3246 766 3306 potrebbe
797 3244 1024 3304 proporsi
1057 3245 1348 3293 d‘acconcio
1382 3258 1413 3292 a
1442 3246 1666 3305 favorire
1696 3258 1894 3304 sempr-e
1925 3245 2017 3305 piu
2046 3246 2189 3292 l’isti-

277 3322 481 3370 tuzione
510 3321 590 3368 del
621 3322 772 3378 61610,
807 3318 1232 3378 principalmente
1265 3318 1451 3379 perche
1479 3320 1530 3365 lo
1561 3319 1731 3367 studio
1763 3321 1889 3368 delle
1919 3319 2077 3367 latine
2100 3319 2189 3367 let-

276 3395 402 3455 tere,
434 3396 566 3442 della
594 3385 806 3442 filosofia
839 3393 1093 3441 razionale
1123 3405 1274 3440 senza
1305 3394 1437 3441 niun
1469 3394 1687 3455 pericolo
1719 3394 1772 3442 di
1802 3406 1970 3442 errore
2001 3407 2028 3442 e
2061 3393 2189 3441 della

279 3480 406 3519 sana
447 3469 671 3528 teologia
715 3480 742 3515 e
785 3468 864 3515 del
901 3466 1075 3514 diritto
1106 3468 1368 3528 canonice,>
1393 3468 1592 3516 fiorisea
1612 3467 1970 3528 specialmente
2002 3467 2086 3515 nei
2116 3478 2190 3514 se-

279 3543 485 3591 minarii
513 3540 803 3596 diocesani?

339 3618 386 3671 8.
420 3616 526 3665 Gon
557 3616 697 3683 quali
726 3616 882 3665 mezzi
912 3616 955 3665 si
987 3615 1296 3670 dovrebbero
1328 3616 1543 3667 eccitare
1565 3617 1642 3683 gli
1661 3615 2003 3675 ecclesiastici,
2027 3615 2184 3678 quelli
