2488 4290
1998 326 2089 375 263

236 411 339 473 135.
371 423 592 472 Sacrista
622 421 809 470 redibit
838 420 904 469 ad
933 405 1180 468 altare'ut
1210 428 1355 466 sacra
1385 415 1646 464 Pontificis
1675 416 1976 475 paramenta
2006 430 2081 465 re·

63 600 67 611 ·
151 499 344 620 Neiqmfflt.
370 572 654 620 Cardinalis
686 571 931 619 diaconus
963 569 1196 618 detrahet
1225 580 1430 616 sacrum
1461 566 1675 626 pallium
1708 564 1919 612 Summo
1958 565 2085 611 Pon-

172 646 316 707 tifici,
330 647 486 707 quod
514 646 685 694 tradet
716 646 1039 695 subdiacono
1069 643 1360 704 apostolicO.

234 720 335 768 137.
371 720 726 768 Subdiaconus
757 720 1063 779 apostolicus
1094 718 1159 765 ad
1189 718 1351 764 altare
1388 729 1507 764 cum
1550 715 1601 763 S.
1636 714 1790 775 pallio
1822 727 1928 761 una
1969 728 2087 761 cum

71 804 77 813 ·
172 794 413 854 acolytho
442 795 748 855 signaturae
783 796 1007 855 votante,
1039 794 1131 855 qui
1162 793 1395 852 spinulas
1426 791 1624 839 referet.

234 869 336 916 138.
369 867 653 916 cardinalis
683 869 929 916 diaconus
950 867 1160 928 reliquis
1183 866 1496 926 paramentis
1517 864 1739 912 ordinati
1763 864 1919 913 exuet
1942 864 2088 911 Sum-

67 957 79 986 ε
164 956 316 991 -mum
346 943 661 998 Pontificem,
693 955 825 1008 quae
856 943 1025 990 tradet
1057 941 1328 1000 acolythis.

234 1016 336 1065 139.
371 1017 613 1076 Acolythi
642 1017 947 1076 sig-naturae
979 1017 1217 1065 votantes
1249 1014 1470 1063 referent
1500 1027 1646 1062 sacra
1687 1014 1993 1074 paramenta
2025 1014 2088 1060 ad

75 1084 93 1099 ’“
173 1091 348 1152 altare,
382 1104 515 1152 quae
543 1091 752 1139 tradent
783 1091 1055 1140 Sacristae.

234 1167 335 1214 140.
369 1166 612 1214 Summus
642 1166 879 1214 Pontifex
909 1166 1091 1215 induet
1123 1161 1423 1214 mozzett‘am
1455 1166 1506 1213 et
1539 1166 1737 1213 stolam.

233 1240 335 1287 141.
369 1240 723 1288 Subdiaconus
753 1241 1060 1300 apostolicus
1091 1253 1212 1288 cum
1243 1240 1444 1288 duobus
1465 1240 1767 1299 signaturae
1790 1238 2089 1286 vetantibus

171 1314 359 1363 iterum
390 1316 456 1363 ad
485 1315 670 1379 solium
700 1329 792 1375 pro
824 1314 1129 1375 recipiendis
1171 1314 1416 1362 sandaliis
1447 1314 1499 1362 et
1530 1314 1731 1374 caligiS,
1774 1326 1905 1374 quae
1945 1313 2091 1360 Sum-

52 1404 59 1426 -’
164 1396 288 1437 'mus
319 1389 555 1438 Pontifex
587 1389 823 1450 deponet.

50 1471 62 1494 ³>
232 1462 334 1513 142.
367 1464 720 1512 Subdiaconus
750 1464 1055 1524 apostolicus
1083 1464 1279 1524 caligas
1310 1463 1362 1512 et
1391 1463 1622 1511 sandalia
1670 1463 1735 1510 ad
1776 1462 2089 1511 credentiam

170 1538 464 1598 reportabit.

59 1648 75 1682 3
231 1613 334 1661 143.
367 1613 609 1662 Summus
627 1614 883 1676 Pontifex,
904 1615 1178 1676 postquam
1197 1614 1391 1662 calceos
1413 1613 1697 1661 ordinarios
1728 1613 2079 1672 resumpserit,

169 1686 360 1736 faldam
389 1689 623 1748 deponet.

58 1760 66 1774 ²
233 1762 335 1810 144.
367 1764 660 1823 Reponetur
687 1764 1031 1812 faldistorium
1061 1764 1184 1811 ante
1215 1763 1378 1811 altare
1409 1775 1500 1822 per
1549 1763 1756 1811 clericos
1803 1763 2087 1822 Oappellae.

233 1837 336 1885 145.
369 1838 612 1886 Summus
642 1839 901 1900 Pontifex,
934 1838 1271 1898 praecedente
1305 1837 1466 1885 Oruce
1497 1851 1528 1884 a
1559 1837 1866 1897 Cappellano
1899 1838 2091 1885 secreto

173 1908 359 1972 delata,
389 1912 660 1961 descendet
701 1913 763 1960 de
793 1914 934 1973 soli0‚
975 1912 1181 1961 accedet
1221 1912 1287 1959 ad
1316 1912 1657 1959 faldistorium
1687 1912 1738 1958 et
1769 1911 2082 1971 genuflexus

47 1976 55 2006 ³
63 1980 86 2028 ⁷..
173 1997 448 2046 parumper
479 1988 660 2051 orabit.

236 2060 339 2108 146.
373 2061 567 2122 Surget
597 2063 666 2118 et,
698 2062 834 2111 facta
855 2062 1007 2123 Cruci
1029 2063 1205 2110 altaris
1227 2057 1534 2122 reverentia,
1564 2061 1833 2110 benedicet
1857 2061 2092 2109 Patribus

71 2140 74 2142 ’
175 2134 228 2183 et
257 2136 322 2183 ad
352 2148 472 2184 suas
502 2137 651 2186 aedes
681 2137 946 2185 remeabit.

237 2210 342 2258 147.
375 2210 778 2260 Eminentissimi
808 2183 1104 2260 Cardinales
1135 2211 1286 2260 extra
1317 2213 1488 2259 aulam
1520 2224 1611 2271 pro
1642 2210 1813 2258 lubitu
1840 2223 1984 2258 sacra
2007 2223 2094 2273 pa-

57 2283 74 2335 ἶ.
177 2286 410 2334 ramenta
441 2286 716 2346 deponent.

236 2360 340 2407 148.
372 2361 798 2409 Reverendissimi
828 2362 1003 2409 Patres
1035 2361 1299 2409 discedent
1330 2362 1392 2409 de
1423 2362 1542 2409 aula
1571 2361 1623 2409 et
1663 2361 1719 2407 in
1751 2361 1973 2420 proximi
2014 2373 2092 2408 sa-

101 2440 118 2478 .
175 2433 314 2482 cellis
342 2435 628 2494 opportune
658 2435 916 2495 dispositis
946 2447 1117 2483 sacras
1150 2435 1317 2484 vestes
1349 2435 1606 2516 deponent
1638 2435 1689 2482 et
1711 2434 1988 2494 resumptis
2008 2447 2092 2483 ve-

175 2507 341 2587 stibus
369 2509 642 2558 ordinariis
671 2509 949 2558 discedent.
