2488 4290
1951 286 2041 337 225

131 371 292 429 Petro
328 369 552 437 eiusque
600 372 660 424 in
714 371 823 425 hac
874 372 1142 426 Cathedra
1178 375 1582 428 successoribus
1620 376 1887 431 divinitus
1935 379 2045 432 col·

132 458 311 518 latum
347 463 444 521 est,
490 461 553 508 ut
592 456 801 511 excelso
841 474 941 511 suo
980 474 1211 513 munere
1250 458 1308 512 in
1348 462 1603 513 omnium
1641 462 1879 517 salutem
1914 466 2042 519 fun·

58 542 104 610 ’
132 547 411 613 gerentur,
455 547 516 594 ut
553 543 840 597 universus
878 544 1077 597 Christi
1106 560 1233 611 grex
1270 561 1366 614 per
1404 562 1498 599 eos
1537 547 1606 600 ab
1643 549 1842 600 erroris
1881 566 2041 604 vene-

131 642 269 686 nosa
304 642 428 680 esca
463 642 698 692 aversuS,
742 628 994 682 coelestis
1034 630 1315 684 doctrinae
1353 631 1555 700 pabulo
1606 634 1938 698 nutriretur,
1984 644 2044 688 ut

128 712 341 768 sublata
376 713 693 766 schismatis
734 716 1020 768 occasione
1057 714 1296 770 Ecclesia
1337 723 1447 770 tota
1485 732 1598 771 una
1637 726 2042 774 conservaretur

59 795 69 844 ᾗ
129 803 296 871 atque
330 814 432 852 suo
463 799 830 854 'fundamento
880 801 1071 855 innixa
1123 800 1283 855 firma
1348 803 1605 857 adversus
1654 804 1819 858 inferi
1855 814 2039 873 portas

60 924 62 927 -
131 885 463 940 consisteret.

198 974 264 1025 At
315 986 445 1044 vero
503 986 630 1024 cum
684 971 791 1025 hac
845 974 966 1041 ipsa
1023 980 1213 1039 aetate,
1258 991 1372 1042 qua
1408 975 1692 1031 salutifera
1744 977 2041 1046 Apostolicl

23 1063 40 1133 j
129 1059 376 1110 muneris
429 1056 665 1110 efficacia
713 1057 799 1110 vel
849 1059 1083 1112 maxime
1134 1062 1456 1127 requiritur,
1508 1076 1623 1115 non
1673 1065 1833 1132 pauci
1884 1064 2040 1117 inve-

123 1143 368 1225 ¹niantur,
403 1145 500 1211 qui
523 1142 679 1197 illius
704 1145 1016 1198 auctoritati
1044 1147 1344 1199 obtrectant
1353 1161 1371 1217 ;
1414 1149 1778 1202 necessarium
1806 1151 2039 1203 omnino

27 1236 41 1294 f
131 1243 246 1283 esse
283 1244 590 1295 censemus,
647 1230 1099 1297 praerogativam,
1143 1246 1315 1298 quam
1356 1235 1680 1301 unigenitus
1731 1236 1829 1287 Dei
1870 1234 2040 1289 Filius

55 1310 57 1314 ’
131 1330 260 1368 cum
309 1330 532 1370 summo
581 1313 842 1384 pastorali
896 1317 1073 1372 officio
1130 1318 1466 1386 coniungere
1517 1321 1780 1387 dignatus
1817 1328 1910 1388 est,
1956 1337 2042 1375 so-

129 1399 387 1455 lemniter
422 1414 683 1455 asserere.

198 1488 388 1556 Itaque
426 1503 526 1541 nos
564 1488 853 1542 traditioni
892 1504 924 1542 a
961 1489 1091 1543 fidei
1131 1490 1472 1544 Christianae
1504 1494 1719 1546 exordio
1757 1499 2040 1562 perceptae

27 1619 29 1642 3
111 1573 367 1628 fideliter
402 1573 762 1639 inhaerendO,
810 1576 880 1628 ad
916 1577 1014 1628 Dei
1052 1575 1348 1630 Salvatoris
1399 1579 1575 1630 nostri
1614 1578 1865 1645 gloriam,
1910 1579 2040 1632 reli-

129 1662 310 1729 gionis
347 1659 661 1715 Catholicae
701 1660 1091 1715 exaltationem
1137 1669 1191 1715 et
1229 1663 1658 1717 christianorum
1697 1665 2034 1733 populorum

127 1747 588 1814 salutem,‘sacro
645 1749 983 1817 approbante
1042 1747 1300 1816 Concilio,
1346 1750 1610 1804 docemus
1661 1757 1714 1804 et
1770 1752 2041 1805 divinitus

127 1833 428 1889 revelatum
453 1834 654 1902 dogma
680 1850 800 1890 esse
826 1834 1145 1892 definimus:
1194 1838 1511 1890 Romanum
1535 1838 1875 1904 Pontificem,
1909 1853 2038 1892 cum

23 2182 27 2186 ’
125 2195 185 2242 fu
215 2194 564 2247 divmamsnte
595 2194 842 2243 conferito
875 2207 906 2242 a
936 2194 1102 2243 Pietro
1135 2195 1198 2242 ed
1231 2194 1279 2241 ai
1309 2193 1421 2242 suoi
1453 2194 1730 2242 successori
1763 2195 1819 2241 111
1853 2196 2034 2255 questa

128 2269 385 2328 Cattedra,
418 2268 681 2317 acciocche
713 2269 1068 2317 esercitassero
1101 2269 1137 2314 il
1167 2270 1276 2316 loro
1308 2269 1501 2316 eccelso
1533 2269 1705 2316 ufficio
1729 2281 1760 2315 a
1790 2268 1956 2317 salute
1987 2269 2039 2316 di

128 2344 276 2405 tutti;
308 2342 572 2392 acciocche
602 2343 740 2392 tutto
770 2345 807 2391 il
841 2357 1050 2405 gregge
1082 2343 1134 2390 di
1165 2343 1345 2403 Cristo,
1381 2343 1697 2390 allontanato
1741 2355 1830 2401 per
1881 2355 2035 2401 opera

127 2421 235 2468 loro
265 2418 350 2467 dai
379 2419 570 2477 pascoli
601 2419 826 2467 velenosi
857 2419 1164 2479 dell'errore,
1198 2418 1241 2465 si
1291 2417 1516 2464 nutrisse
1548 2418 1629 2465 del
1648 2416 1773 2465 ¹cibo
1805 2417 1934 2465 della
1964 2429 2039 2465 ce-

127 2494 251 2544 leste
271 2493 526 2554 dottrina;
550 2493 831 2554 acciocche,
857 2493 986 2541 tolta
1006 2493 1308 2541 l'occasione
1331 2492 1383 2539 di
1406 2492 1605 2552 scisma,
1628 2491 1767 2539 tutta
1787 2493 1837 2539 18
1859 2491 2039 2539 Chiesa

129 2569 172 2616 si
202 2581 527 2618 conservasse
572 2582 697 2628 una,
746 2571 808 2617 ed
857 2568 1177 2629 appoggiata
1220 2568 1300 2614 sul
1331 2579 1422 2614 suo
1471 2567 1799 2614 fondamento
1830 2568 2039 2615 durasse

129 2645 290 2692 ferma
320 2645 497 2692 contro
527 2646 574 2692 le
605 2644 751 2703 porte
783 2644 1124 2693 dell'inferno.

189 2719 270 2765 Ma
304 2717 441 2778 pere,
473 2718 652 2778 poiche
681 2719 737 2765 in
770 2719 953 2778 questo
985 2717 1154 2777 tempo
1205 2717 1498 2776 medesimo,
1532 2718 1616 2763 nel
1647 2718 1796 2775 quale
1826 2716 1917 2775 piu
1947 2716 2039 2766 che

129 2794 232 2840 mai
263 2793 291 2841 e
322 2793 546 2842 mestieri
572 2794 838 2841 l'efficacia
867 2793 1132 2841 salutifera
1164 2791 1562 2851 dell'apostolico
1593 2791 1873 2850 ministerO,
1916 2792 2039 2838 s’in-

128 2868 375 2916 contrane
405 2880 511 2914 non
541 2867 709 2928 pochi,
740 2867 758 2913 i
806 2867 948 2926 quali
998 2867 1303 2926 ripugnano
1357 2866 1458 2912 alla
1494 2877 1588 2912 sua
1620 2863 1870 2923 autorita3
1903 2866 2038 2924 ripu-

128 2941 285 2990 tiamo
315 2943 365 2989 81
393 2941 533 2990 tutto
563 2941 847 2990 necessario
893 2941 1162 2989 affermare
1207 2939 1589 2988 solennemente
1618 2940 1669 2986 18
1708 2939 2038 3000 prerogativa

0 3005 22 3080 ,¹
100 3017 222 3066 ‘che
249 3016 564 3077 l’unigenito
594 3017 854 3076 Figliuolo
885 3017 938 3064 di
970 3015 1063 3063 Dio
1095 3015 1138 3063 si
1169 3014 1198 3064 e
1228 3014 1457 3075 degnato
1493 3014 1543 3061 di
1574 3014 1930 3074 eongiungere
1961 3014 2036 3062 col

0 3082 14 3107 ἱ

0 3114 16 3154 ,ἶ

129 3103 366 3151 supremo
395 3092 567 3140 ufficio
597 3092 867 3152 pastorale.

189 3166 378 3224 Quindi
422 3165 527 3226 noi,
575 3166 828 3214 aderendo
877 3164 1180 3214 fedelmente
1227 3165 1325 3211 alla
1372 3163 1651 3211 tradizione
1693 3162 1926 3210 ricevuta
1956 3162 2037 3210 dai

129 3240 394 3301 primordii
424 3241 557 3288 della
597 3241 708 3288 fede
750 3239 1011 3300 cristiana,
1059 3251 1090 3286 a
1131 3239 1299 3298 gloria
1330 3238 1382 3285 di
1424 3239 1516 3285 Dio
1549 3237 1724 3285 nostro
1756 3236 2034 3296 Salvatore,

131 3316 196 3364 ad
225 3315 526 3363 esaltazione
568 3315 699 3363 della
738 3314 989 3375 religione
1021 3313 1256 3362 cattolica
1286 3313 1349 3361 ed
1379 3325 1409 3360 a
1441 3311 1605 3359 salute
1637 3312 1713 3358 de’
1744 3311 1912 3369 Popoli
1946 3311 2038 3358 cri-

131 3389 304 3449 stiani,
336 3388 652 3449 approvante
680 3389 717 3435 il
747 3400 890 3436 sacro
922 3388 1164 3448 Concilio,
1193 3387 1523 3447 insegniamo
1555 3399 1583 3434 e
1615 3385 1884 3434 definiamo
1903 3396 2035 3432 esser

131 3464 333 3534 domma
361 3463 709 3514 divinamente
739 3462 984 3534 rivelato:
1032 3461 1137 3530 Che
1180 3462 1218 3510 11
1258 3463 1486 3510 Romano
1519 3459 1793 3519 Ponteflce,
1827 3458 2032 3518 quando

1003 3552 1008 3564 ⁸
1699 3552 1749 3593 15
