2488 4290
384 342 446 392 98

385 449 555 503 mixta
593 426 874 501 connubia
906 461 969 500 ex
1005 444 1223 499 Summi
1265 441 1545 498 Pontificis
1600 443 2007 513 dispensatione
2043 441 2288 511 quando-

385 551 492 604 que
530 534 964 603 permittuntur,
1021 531 1123 584 sub
1162 545 1412 598 expressa
1452 535 1637 583 tamen
1676 531 1992 583 conditione
2030 531 2097 582 de
2133 543 2290 596 prae-

386 620 675 673 mittendis
713 618 1033 670 necessariis
1073 617 1509 682 opportunisque
1548 616 1911 678 cautionibuS,
1956 616 2024 667 iis
2050 631 2291 682 praeser-

392 708 492 758 tim
528 720 668 771 quae
705 701 943 754 naturali
983 718 1046 754 ac
1083 701 1274 752 divino
1326 700 1447 751 iure
1486 701 1547 750 in
1585 700 1738 752 hisce
1778 701 2066 752 connubiis
2104 700 2291 766 requi-

368 796 603 844 ‘runtun
648 789 873 842 Minime
910 787 1156 839 dubitari
1195 786 1276 837 fas
1317 791 1428 852 est,
1471 785 1605 851 quin
1644 786 1877 838 locorun
1918 786 2186 837 Ordinarii
2225 786 2292 837 ab

389 876 720 927 huiusmodi
760 872 1153 925 contrahendis
1192 872 1405 938 nuptiis
1457 869 1649 922 fideles
1706 877 1950 923 avertant
2005 887 2067 923 ac
2118 871 2294 923 deter-

391 967 565 1026 reant,
609 965 663 1012 et
701 959 953 1020 tandem,
1017 958 1065 1008 si
1103 972 1292 1021 graves
1329 956 1513 1007 adsint
1548 957 1786 1007 rationes
1808 998 1821 1019 ,
1878 956 1939 1007 in
1979 957 2295 1022 exequenda

389 1044 689 1113 apostolica
723 1042 980 1095 facultate
1018 1042 1373 1109 dispensandi
1413 1057 1581 1108 super
1618 1042 1821 1092 mixtae
1858 1039 2146 1106 religionis
2191 1040 2295 1091 im-

389 1133 728 1198 pedimentO,
771 1128 926 1180 omni
964 1142 1093 1179 cura
1130 1128 1422 1193 studioque
1462 1125 1800 1191 advigilent,
1855 1131 1916 1176 ut
1953 1126 2131 1178 dictae
2169 1140 2295 1185 con-

392 1218 663 1278 ditioneS,
728 1215 889 1266 sicuti
953 1229 1053 1280 par
1110 1218 1228 1277 est,
1299 1215 1359 1263 in
1423 1218 1539 1264 tuto
1581 1217 1869 1279 ponantur.
1914 1213 1978 1263 At
2015 1212 2294 1263 enimvero

393 1308 678 1371 postquam
717 1301 1019 1366 promissae
1057 1298 1306 1365 fuerint,
1372 1303 1630 1350 sanctene
1681 1297 2080 1363 diligenterque
2121 1297 2298 1348 adim-

390 1387 533 1454 pleri
571 1386 764 1450 solent,
808 1392 859 1436 et
896 1386 1232 1451 quibusnam
1258 1384 1456 1435 mediis
1489 1388 1671 1450 posset
1708 1379 2033 1449 praecaveri}
2078 1397 2148 1433 ne
2172 1382 2298 1448 quis

391 1488 423 1523 a
459 1472 603 1523 datis
642 1472 991 1523 cautionibus
1031 1470 1313 1522 servandis
1356 1475 1556 1521 temere
1596 1484 1653 1520 se
1693 1469 1996 1520 subducat?

467 1557 512 1608 5.
559 1557 843 1617 Quomodo
884 1556 1247 1631 enitendum,
1318 1560 1379 1606 ut
1440 1555 1498 1605 in
1560 1554 1967 1621 praedicatione
2015 1555 2167 1611 verbi
2203 1554 2300 1606 Dei

396 1657 576 1695 sacrae
615 1641 905 1693 conciones
933 1657 994 1693 ea
1019 1642 1285 1705 gravitate
1321 1658 1539 1708 semper
1576 1638 1897 1702 habeantur,
1943 1643 2005 1691 ut
2041 1641 2107 1692 ab
2147 1639 2300 1691 omni

393 1729 651 1780 vanitatis
679 1734 730 1778 et
756 1728 1009 1789 novitatis
1036 1728 1233 1795 spiritu
1272 1733 1684 1794 praeserventur
1721 1727 2017 1792 immuneS,
2059 1727 2299 1791 itemque

397 1814 580 1865 omnis
619 1811 902 1864 doctrinae
940 1813 1098 1875 ratic,
1142 1828 1284 1878 quae
1324 1813 1552 1863 traditur
1590 1810 1857 1874 fidelibus,
1902 1811 1961 1862 in
1999 1812 2165 1862 verbo
2202 1811 2298 1861 Dei

396 1899 576 1965 reipsa
613 1898 990 1961 contineatur,
1054 1898 1289 1964 ideoque
1351 1912 1412 1949 ex
1467 1896 1746 1965 Scriptura
1783 1902 1836 1949 et
1878 1896 2291 1959 traditionibuS‚

396 1984 541 2037 sicut
577 1984 745 2046 decet,
791 1979 1125 2037 hauriatur?

394 2251 709 2302 matrimonii
737 2252 875 2301 misti
903 2252 1114 2301 talvolta
1144 2251 1187 2300 si
1217 2252 1534 2313 permettono
1581 2266 1677 2302 con
1723 2254 1961 2314 dispensa
1991 2254 2070 2302 del
2102 2253 2303 2302 Sommo

397 2328 671 2388 Pontefice‚
702 2340 787 2374 ma
817 2328 948 2375 sotto
979 2328 1246 2387 l’espressa
1279 2328 1573 2376 condizione
1620 2329 1670 2375 di
1716 2328 2019 2387 premettere
2060 2330 2107 2376 le
2139 2341 2306 2377 neces·

397 2403 527 2450 sarie
558 2403 620 2450 ed
650 2401 935 2466 opportune
981 2401 1333 2460 guarentigie,
1381 2414 1409 2448 e
1456 2403 1620 2462 quelle
1666 2401 2024 2461 specialmente
2060 2402 2152 2450 che
2182 2413 2306 2450 sono

397 2476 633 2525 ricbieste
660 2476 717 2521 in
746 2475 838 2521 tali
867 2474 1180 2522 matrimonii
1223 2476 1304 2520 dal
1352 2475 1525 2522 diritto
1572 2475 1807 2534 naturale
1853 2488 1879 2522 e
1912 2475 2104 2522 divino.
2136 2477 2248 2523 Non
2279 2476 2308 2523 e

394 2551 544 2598 lecito
576 2548 809 2596 dubitare
840 2549 932 2596 che
963 2549 1039 2607 gli
1070 2548 1325 2595 Ordinarii
1357 2549 1436 2595 de'
1470 2549 1651 2608 luoghi
1695 2562 1800 2596 non
1834 2549 2079 2597 incutano
2122 2550 2206 2596 nei
2239 2550 2308 2597 fe-

382 2623 498 2670 ‘deli
530 2620 964 2668 allontanamento
995 2621 1058 2667 ed
1089 2621 1388 2668 avversione
1434 2622 1498 2667 da
1545 2621 1783 2668 cosiffatti
1830 2622 2160 2681 matrimonii,
2194 2634 2221 2669 e
2250 2623 2307 2668 in

399 2695 503 2743 fine
534 2707 588 2742 se
617 2695 670 2741 vi
701 2694 844 2741 siano
875 2695 1026 2753 gravi
1058 2694 1263 2753 ragioni
1294 2696 1567 2742 nell'usare
1596 2695 1910 2754 l’apostolica
1938 2695 2125 2751 facolta
2155 2696 2207 2742 di
2237 2696 2308 2742 di-

398 2779 638 2828 spensare
683 2779 833 2826 sopra
875 2767 1276 2826 l’impedimento
1323 2769 1374 2814 di
1419 2768 1670 2827 religione
1717 2769 1885 2828 mista,
1921 2770 2014 2817 che
2044 2781 2140 2816 con
2172 2769 2302 2828 ogni

402 2855 526 2891 cura
556 2855 585 2890 e
615 2842 783 2890 studio
815 2854 921 2888 non
953 2842 1163 2901 veglino
1194 2842 1379 2901 perche
1409 2844 1455 2890 le
1487 2843 1624 2892 dette
1656 2843 1940 2891 condizioni
1970 2844 2130 2903 sian0,
2164 2855 2305 2891 come

400 2918 445 2964 si
475 2916 741 2974 conviene,
775 2915 917 2974 poste
948 2916 1003 2962 in
1035 2916 1217 2964 sicuro.
1262 2917 1344 2963 Ma
1375 2918 1599 2976 dopoche
1647 2918 1824 2978 queste
1871 2917 2154 2964 condizioni
2185 2930 2308 2965 sono

400 2990 532 3038 state
551 3001 821 3049 promesse,
844 2991 1075 3048 sogliono
1095 3003 1203 3038 esse
1224 2992 1369 3039 venir
1391 2992 1680 3051 adempiute
1699 2993 2001 3040 fedelmente
2031 3007 2060 3042 e
2090 2991 2306 3053 diligen·
2334 3050 2337 3051 ⁷

400 3062 660 3112 tementes
681 3065 720 3110 E
741 3076 837 3111 con
859 3063 998 3124 quali
1018 3065 1173 3111 mezzi
1189 3064 1232 3112 si
1249 3066 1488 3124 potrebbe
1508 3068 1836 3127 provvedere,
1863 3067 2126 3115 acciocche
2145 3067 2307 3114 niuno

400 3135 843 3185 temerariamente
872 3137 915 3183 si
936 3137 1210 3197 sottragga
1225 3139 1688 3199 all'adempimento
1710 3141 1836 3188 delle
1857 3141 2128 3193 medesime
2143 3139 2169 3186 ‘3

461 3210 506 3257 5.
541 3211 689 3267 Quali
716 3210 873 3257 mezzi
901 3222 1050 3259 usare
1080 3212 1281 3272 perche,
1314 3215 1449 3261 nella
1477 3214 1826 3273 predicazione
1873 3215 2004 3261 della
2050 3215 2224 3274 parola
2255 3215 2306 3261 di

401 3284 513 3344 Dio,
544 3285 592 3331 le
623 3296 766 3332 sacre
797 3285 1029 3332 concioni
1061 3298 1258 3345 sempre
1290 3287 1333 3334 si
1363 3289 1592 3336 facciano
1630 3302 1725 3337 con
1770 3288 1844 3336 tal
1889 3287 2096 3347 gravata
2141 3288 2233 3336 che
2260 3289 2307 3335 'si

402 3357 698 3417 preservino
730 3358 950 3404 immuni
982 3359 1047 3406 da
1077 3360 1203 3418 ogni
1234 3361 1413 3419 spirito
1445 3363 1498 3409 di
1529 3361 1708 3409 vanita
1738 3375 1766 3408 e
1797 3362 1849 3408 di
1882 3360 2091 3420 novita3
2123 3374 2151 3409 e
2182 3362 2309 3419 ogni

405 3431 621 3491 ragione
654 3431 705 3478 di
736 3431 960 3479 dottrina
990 3431 1083 3480 che
1115 3434 1163 3479 ai
1194 3434 1341 3482 fedeli
1383 3436 1651 3495 s’insegna
1695 3435 1771 3482 sia
1817 3434 2109 3483 veramente
2139 3434 2308 3483 conto-

405 3504 536 3551 nuta
564 3502 699 3553 nella
726 3506 901 3564 parola
931 3504 982 3551 di
1010 3506 1120 3565 Dio,
1154 3519 1182 3554 e
1212 3507 1381 3566 percio
1411 3508 1454 3556 si
1485 3509 1663 3569 ricavi‚
1696 3520 1838 3557 come
1876 3507 2140 3571 conviene,
2175 3507 2309 3561 dalla

408 3578 659 3634 Sorittura
690 3592 718 3628 e
748 3579 877 3628 dalle
907 3578 1213 3637 tradizioni?
