<?xml version="1.0" encoding="UTF-8"?>
<!DOCTYPE html PUBLIC "-//W3C//DTD XHTML 1.0 Transitional//EN"
    "http://www.w3.org/TR/xhtml1/DTD/xhtml1-transitional.dtd">
<html xmlns="http://www.w3.org/1999/xhtml" xml:lang="en" lang="en">
 <head>
  <title>
</title>
<meta http-equiv="Content-Type" content="text/html;charset=utf-8" />
  <meta name='ocr-system' content='tesseract 3.04.00' />
  <meta name='ocr-capabilities' content='ocr_page ocr_carea ocr_par ocr_line ocrx_word'/>
</head>
<body>
  <div class='ocr_page' id='page_1' title='image "a611569200vatiuoft_0084.png"; bbox 0 0 2488 4290; ppageno 0'>
   <div class='ocr_carea' id='block_1_1' title="bbox 341 338 401 389">
    <p class='ocr_par' dir='ltr' id='par_1_1' title="bbox 341 338 401 389">
     <span class='ocr_line' id='line_1_1' title="bbox 341 338 401 389; baseline -0.05 0"><span class='ocrx_word' id='word_1_1' title='bbox 341 338 401 389; x_wconf 74' lang='lat'>’78</span> 
     </span>
    </p>
   </div>
   <div class='ocr_carea' id='block_1_2' title="bbox 343 442 2287 2052">
    <p class='ocr_par' dir='ltr' id='par_1_2' title="bbox 343 442 2287 1973">
     <span class='ocr_line' id='line_1_2' title="bbox 343 442 2235 508; baseline -0.003 -9"><span class='ocrx_word' id='word_1_2' title='bbox 343 448 520 499; x_wconf 86' lang='lat' dir='ltr'>tribus</span> <span class='ocrx_word' id='word_1_3' title='bbox 574 446 635 495; x_wconf 90' lang='lat' dir='ltr'>in</span> <span class='ocrx_word' id='word_1_4' title='bbox 696 444 1057 496; x_wconf 86' lang='lat' dir='ltr'><strong>sollicitudini</strong></span> <span class='ocrx_word' id='word_1_5' title='bbox 1118 444 1340 496; x_wconf 81' lang='lat' dir='ltr'>Nostrae</span> <span class='ocrx_word' id='word_1_6' title='bbox 1390 452 1601 508; x_wconf 88' lang='lat' dir='ltr'>partem</span> <span class='ocrx_word' id='word_1_7' title='bbox 1656 442 1866 494; x_wconf 88' lang='lat' dir='ltr'>vocatis</span> <span class='ocrx_word' id='word_1_8' title='bbox 1928 458 1991 493; x_wconf 92' lang='lat' dir='ltr'>ea</span> <span class='ocrx_word' id='word_1_9' title='bbox 2050 442 2235 494; x_wconf 88' lang='lat' dir='ltr'>omnia</span> 
     </span>
     <span class='ocr_line' id='line_1_3' title="bbox 348 529 2234 596; baseline -0.002 -13"><span class='ocrx_word' id='word_1_10' title='bbox 348 531 575 584; x_wconf 87' lang='lat' dir='ltr'>consilia</span> <span class='ocrx_word' id='word_1_11' title='bbox 611 531 880 596; x_wconf 81' lang='lat' dir='ltr'>suscipere</span> <span class='ocrx_word' id='word_1_12' title='bbox 917 530 1221 595; x_wconf 81' lang='lat' dir='ltr'>possimUS,</span> <span class='ocrx_word' id='word_1_13' title='bbox 1264 543 1404 594; x_wconf 86' lang='lat' dir='ltr'>quae</span> <span class='ocrx_word' id='word_1_14' title='bbox 1444 529 1616 592; x_wconf 83' lang='lat' dir='ltr'>magis</span> <span class='ocrx_word' id='word_1_15' title='bbox 1657 533 2000 593; x_wconf 89' lang='lat' dir='ltr'>opportuna,</span> <span class='ocrx_word' id='word_1_16' title='bbox 2042 543 2103 579; x_wconf 90' lang='lat' dir='ltr'>ac</span> <span class='ocrx_word' id='word_1_17' title='bbox 2137 543 2234 579; x_wconf 87' lang='lat' dir='ltr'>ne-</span> 
     </span>
     <span class='ocr_line' id='line_1_4' title="bbox 347 612 2232 681; baseline -0.003 -11"><span class='ocrx_word' id='word_1_18' title='bbox 347 618 576 670; x_wconf 88' lang='lat' dir='ltr'>cessaria</span> <span class='ocrx_word' id='word_1_19' title='bbox 611 616 753 681; x_wconf 86' lang='lat' dir='ltr'>sint,</span> <span class='ocrx_word' id='word_1_20' title='bbox 796 622 911 665; x_wconf 91' lang='lat' dir='ltr'>tum</span> <span class='ocrx_word' id='word_1_21' title='bbox 952 615 1018 666; x_wconf 90' lang='lat' dir='ltr'>ad</span> <span class='ocrx_word' id='word_1_22' title='bbox 1057 615 1400 680; x_wconf 87' lang='lat' dir='ltr'>dissipandas</span> <span class='ocrx_word' id='word_1_23' title='bbox 1442 620 1518 664; x_wconf 84' lang='lat' dir='ltr'>tot</span> <span class='ocrx_word' id='word_1_24' title='bbox 1555 612 1942 678; x_wconf 83' lang='lat' dir='ltr'>pestiferorum</span> <span class='ocrx_word' id='word_1_25' title='bbox 1982 628 2232 665; x_wconf 90' lang='lat' dir='ltr'>errorum</span> 
     </span>
     <span class='ocr_line' id='line_1_5' title="bbox 348 698 2232 768; baseline -0.004 -12"><span class='ocrx_word' id='word_1_26' title='bbox 348 705 611 768; x_wconf 78' lang='lat' dir='ltr'>tenebraS,</span> <span class='ocrx_word' id='word_1_27' title='bbox 652 703 748 768; x_wconf 89' lang='lat' dir='ltr'>qui</span> <span class='ocrx_word' id='word_1_28' title='bbox 788 716 917 752; x_wconf 91' lang='lat' dir='ltr'>cum</span> <span class='ocrx_word' id='word_1_29' title='bbox 956 715 1172 751; x_wconf 89' lang='lat' dir='ltr'>summo</span> <span class='ocrx_word' id='word_1_30' title='bbox 1212 700 1524 750; x_wconf 86' lang='lat' dir='ltr'>animarum</span> <span class='ocrx_word' id='word_1_31' title='bbox 1553 699 1755 749; x_wconf 88' lang='lat' dir='ltr'>damno</span> <span class='ocrx_word' id='word_1_32' title='bbox 1796 698 2000 764; x_wconf 79' lang='lat' dir='ltr'>ubique</span> <span class='ocrx_word' id='word_1_33' title='bbox 2028 699 2085 749; x_wconf 89' lang='lat' dir='ltr'>in</span> <span class='ocrx_word' id='word_1_34' title='bbox 2115 699 2232 750; x_wconf 90' lang='lat' dir='ltr'>dies</span> 
     </span>
     <span class='ocr_line' id='line_1_6' title="bbox 349 785 2236 850; baseline -0.003 -8"><span class='ocrx_word' id='word_1_35' title='bbox 349 791 703 842; x_wconf 68' lang='lat' dir='ltr'>dominantur</span> <span class='ocrx_word' id='word_1_36' title='bbox 741 794 793 838; x_wconf 91' lang='lat' dir='ltr'>et</span> <span class='ocrx_word' id='word_1_37' title='bbox 829 786 1269 849; x_wconf 88' lang='lat' dir='ltr'>debacchantur,</span> <span class='ocrx_word' id='word_1_38' title='bbox 1332 792 1447 834; x_wconf 88' lang='lat' dir='ltr'>tum</span> <span class='ocrx_word' id='word_1_39' title='bbox 1506 785 1574 847; x_wconf 66' lang='lat' dir='ltr'>ad</span> <span class='ocrx_word' id='word_1_40' title='bbox 1612 785 1858 850; x_wconf 82' lang='lat' dir='ltr'>quotidie</span> <span class='ocrx_word' id='word_1_41' title='bbox 1897 785 2072 849; x_wconf 84' lang='lat' dir='ltr'>magis</span> <span class='ocrx_word' id='word_1_42' title='bbox 2111 799 2236 837; x_wconf 87' lang='lat' dir='ltr'>con-</span> 
     </span>
     <span class='ocr_line' id='line_1_7' title="bbox 348 869 2238 938; baseline -0.003 -11"><span class='ocrx_word' id='word_1_43' title='bbox 348 875 708 935; x_wconf 87' lang='lat' dir='ltr'>stituendum,</span> <span class='ocrx_word' id='word_1_44' title='bbox 753 878 802 924; x_wconf 87' lang='lat' dir='ltr'>et</span> <span class='ocrx_word' id='word_1_45' title='bbox 839 870 1293 938; x_wconf 83' lang='lat' dir='ltr'>amplificandum</span> <span class='ocrx_word' id='word_1_46' title='bbox 1321 870 1379 919; x_wconf 90' lang='lat' dir='ltr'>in</span> <span class='ocrx_word' id='word_1_47' title='bbox 1411 870 1722 921; x_wconf 86' lang='lat' dir='ltr'>christianis</span> <span class='ocrx_word' id='word_1_48' title='bbox 1749 869 1967 935; x_wconf 89' lang='lat' dir='ltr'>populis</span> <span class='ocrx_word' id='word_1_49' title='bbox 2003 869 2238 935; x_wconf 85' lang='lat' dir='ltr'>vigilan-</span> 
     </span>
     <span class='ocr_line' id='line_1_8' title="bbox 351 954 2238 1021; baseline -0.004 -8"><span class='ocrx_word' id='word_1_50' title='bbox 351 964 454 1013; x_wconf 88' lang='lat' dir='ltr'>tiae</span> <span class='ocrx_word' id='word_1_51' title='bbox 490 960 709 1012; x_wconf 82' lang='lat' dir='ltr'>Nostrae</span> <span class='ocrx_word' id='word_1_52' title='bbox 750 956 1072 1010; x_wconf 84' lang='lat' dir='ltr'>concreditis</span> <span class='ocrx_word' id='word_1_53' title='bbox 1110 970 1268 1007; x_wconf 83' lang='lat' dir='ltr'>verae</span> <span class='ocrx_word' id='word_1_54' title='bbox 1308 954 1473 1019; x_wconf 89' lang='lat' dir='ltr'>fidei,</span> <span class='ocrx_word' id='word_1_55' title='bbox 1534 955 1780 1006; x_wconf 85' lang='lat' dir='ltr'>iustitiae</span> <span class='ocrx_word' id='word_1_56' title='bbox 1842 970 2106 1021; x_wconf 90' lang='lat' dir='ltr'>veraeque</span> <span class='ocrx_word' id='word_1_57' title='bbox 2144 956 2238 1007; x_wconf 90' lang='lat' dir='ltr'>Dei</span> 
     </span>
     <span class='ocr_line' id='line_1_9' title="bbox 346 1041 2238 1114; baseline -0.003 -16"><span class='ocrx_word' id='word_1_58' title='bbox 346 1048 496 1114; x_wconf 86' lang='lat' dir='ltr'>pacis</span> <span class='ocrx_word' id='word_1_59' title='bbox 533 1060 781 1109; x_wconf 82' lang='lat' dir='ltr'>regnum.</span> <span class='ocrx_word' id='word_1_60' title='bbox 827 1043 897 1093; x_wconf 84' lang='lat' dir='ltr'>Ac</span> <span class='ocrx_word' id='word_1_61' title='bbox 933 1041 1285 1093; x_wconf 88' lang='lat' dir='ltr'>vehementer</span> <span class='ocrx_word' id='word_1_62' title='bbox 1323 1042 1514 1092; x_wconf 86' lang='lat' dir='ltr'>confisi</span> <span class='ocrx_word' id='word_1_63' title='bbox 1554 1042 1855 1092; x_wconf 86' lang='lat' dir='ltr'>arctissimo</span> <span class='ocrx_word' id='word_1_64' title='bbox 1894 1047 1946 1092; x_wconf 90' lang='lat' dir='ltr'>et</span> <span class='ocrx_word' id='word_1_65' title='bbox 1981 1042 2238 1092; x_wconf 87' lang='lat' dir='ltr'>amantis-</span> 
     </span>
     <span class='ocr_line' id='line_1_10' title="bbox 347 1125 2238 1193; baseline -0.004 -10"><span class='ocrx_word' id='word_1_66' title='bbox 347 1135 487 1184; x_wconf 89' lang='lat' dir='ltr'>simo</span> <span class='ocrx_word' id='word_1_67' title='bbox 527 1129 930 1182; x_wconf 89' lang='lat' dir='ltr'>coniunctionis</span> <span class='ocrx_word' id='word_1_68' title='bbox 968 1127 1181 1178; x_wconf 85' lang='lat' dir='ltr'>foedere</span> <span class='ocrx_word' id='word_1_69' title='bbox 1204 1167 1220 1193; x_wconf 91' lang='lat'><strong><em>,</em></strong></span> <span class='ocrx_word' id='word_1_70' title='bbox 1275 1142 1384 1192; x_wconf 90' lang='lat' dir='ltr'>quo</span> <span class='ocrx_word' id='word_1_71' title='bbox 1424 1127 1598 1189; x_wconf 82' lang='lat' dir='ltr'>Nobis,</span> <span class='ocrx_word' id='word_1_72' title='bbox 1645 1133 1697 1178; x_wconf 89' lang='lat' dir='ltr'>et</span> <span class='ocrx_word' id='word_1_73' title='bbox 1734 1125 2068 1193; x_wconf 88' lang='lat' dir='ltr'>Apostolicae</span> <span class='ocrx_word' id='word_1_74' title='bbox 2106 1127 2238 1178; x_wconf 92' lang='lat' dir='ltr'>huic</span> 
     </span>
     <span class='ocr_line' id='line_1_11' title="bbox 349 1212 2237 1278; baseline -0.003 -9"><span class='ocrx_word' id='word_1_75' title='bbox 349 1218 473 1270; x_wconf 88' lang='lat' dir='ltr'>Sedi</span> <span class='ocrx_word' id='word_1_76' title='bbox 508 1217 678 1267; x_wconf 88' lang='lat' dir='ltr'>iidem</span> <span class='ocrx_word' id='word_1_77' title='bbox 715 1213 1061 1266; x_wconf 89' lang='lat' dir='ltr'>Venerabiles</span> <span class='ocrx_word' id='word_1_78' title='bbox 1096 1214 1307 1264; x_wconf 85' lang='lat' dir='ltr'>Fratres</span> <span class='ocrx_word' id='word_1_79' title='bbox 1345 1212 1585 1264; x_wconf 89' lang='lat' dir='ltr'>mirifice</span> <span class='ocrx_word' id='word_1_80' title='bbox 1624 1213 1863 1265; x_wconf 86' lang='lat' dir='ltr'>obstricti</span> <span class='ocrx_word' id='word_1_81' title='bbox 1902 1219 2071 1275; x_wconf 87' lang='lat' dir='ltr'>sunt,</span> <span class='ocrx_word' id='word_1_82' title='bbox 2138 1212 2237 1278; x_wconf 85' lang='lat' dir='ltr'>qui</span> 
     </span>
     <span class='ocr_line' id='line_1_12' title="bbox 349 1297 2238 1369; baseline -0.004 -13"><span class='ocrx_word' id='word_1_83' title='bbox 349 1317 632 1369; x_wconf 86' lang='lat' dir='ltr'>nunquam</span> <span class='ocrx_word' id='word_1_84' title='bbox 692 1299 1105 1351; x_wconf 89' lang='lat' dir='ltr'>intermiserunt</span> <span class='ocrx_word' id='word_1_85' title='bbox 1164 1300 1315 1349; x_wconf 91' lang='lat' dir='ltr'>omni</span> <span class='ocrx_word' id='word_1_86' title='bbox 1372 1299 1613 1365; x_wconf 86' lang='lat' dir='ltr'>supremi</span> <span class='ocrx_word' id='word_1_87' title='bbox 1649 1299 1826 1351; x_wconf 86' lang='lat' dir='ltr'>Nostri</span> <span class='ocrx_word' id='word_1_88' title='bbox 1880 1297 2238 1362; x_wconf 77' lang='lat' dir='ltr'>Pontificatus</span> 
     </span>
     <span class='ocr_line' id='line_1_13' title="bbox 350 1383 2231 1455; baseline -0.003 -15"><span class='ocrx_word' id='word_1_89' title='bbox 350 1395 594 1455; x_wconf 87' lang='lat' dir='ltr'>tempore</span> <span class='ocrx_word' id='word_1_90' title='bbox 632 1386 1082 1453; x_wconf 87' lang='lat' dir='ltr'>splendidissima</span> <span class='ocrx_word' id='word_1_91' title='bbox 1121 1399 1249 1448; x_wconf 83' lang='lat' dir='ltr'>erga</span> <span class='ocrx_word' id='word_1_92' title='bbox 1284 1386 1404 1448; x_wconf 87' lang='lat' dir='ltr'>Nos,</span> <span class='ocrx_word' id='word_1_93' title='bbox 1451 1391 1503 1436; x_wconf 91' lang='lat' dir='ltr'>et</span> <span class='ocrx_word' id='word_1_94' title='bbox 1542 1385 1792 1436; x_wconf 91' lang='lat' dir='ltr'>eamdem</span> <span class='ocrx_word' id='word_1_95' title='bbox 1831 1384 2027 1436; x_wconf 84' lang='lat' dir='ltr'>Sedem</span> <span class='ocrx_word' id='word_1_96' title='bbox 2066 1383 2231 1447; x_wconf 89' lang='lat' dir='ltr'>fidei,</span> 
     </span>
     <span class='ocr_line' id='line_1_14' title="bbox 352 1457 2287 1539; baseline -0.003 -12"><span class='ocrx_word' id='word_1_97' title='bbox 352 1475 573 1539; x_wconf 79' lang='lat' dir='ltr'>amoriS,</span> <span class='ocrx_word' id='word_1_98' title='bbox 617 1479 670 1523; x_wconf 92' lang='lat' dir='ltr'>et</span> <span class='ocrx_word' id='word_1_99' title='bbox 707 1471 1078 1524; x_wconf 84' lang='lat' dir='ltr'>observantiae</span> <span class='ocrx_word' id='word_1_100' title='bbox 1120 1472 1434 1522; x_wconf 90' lang='lat' dir='ltr'>testimonia</span> <span class='ocrx_word' id='word_1_101' title='bbox 1465 1471 1743 1537; x_wconf 77' lang='lat' dir='ltr'>praebere,</span> <span class='ocrx_word' id='word_1_102' title='bbox 1787 1487 1847 1522; x_wconf 92' lang='lat' dir='ltr'>ea</span> <span class='ocrx_word' id='word_1_103' title='bbox 1885 1471 2122 1537; x_wconf 87' lang='lat' dir='ltr'>profecto</span> <span class='ocrx_word' id='word_1_104' title='bbox 2149 1485 2240 1535; x_wconf 89' lang='lat' dir='ltr'>spe</span> <span class='ocrx_word' id='word_1_105' title='bbox 2283 1457 2287 1459; x_wconf 28' lang='lat'>&#39;</span> 
     </span>
     <span class='ocr_line' id='line_1_15' title="bbox 351 1556 2241 1623; baseline -0.001 -12"><span class='ocrx_word' id='word_1_106' title='bbox 351 1561 586 1612; x_wconf 85' lang='lat' dir='ltr'>nitimur</span> <span class='ocrx_word' id='word_1_107' title='bbox 645 1558 760 1609; x_wconf 86' lang='lat' dir='ltr'>fore</span> <span class='ocrx_word' id='word_1_108' title='bbox 825 1562 886 1607; x_wconf 90' lang='lat' dir='ltr'>ut</span> <span class='ocrx_word' id='word_1_109' title='bbox 941 1556 1112 1607; x_wconf 87' lang='lat' dir='ltr'>veluti</span> <span class='ocrx_word' id='word_1_110' title='bbox 1174 1557 1477 1623; x_wconf 87' lang='lat' dir='ltr'>praeteritis</span> <span class='ocrx_word' id='word_1_111' title='bbox 1533 1556 1765 1608; x_wconf 89' lang='lat' dir='ltr'>saeculis</span> <span class='ocrx_word' id='word_1_112' title='bbox 1817 1556 1923 1608; x_wconf 89' lang='lat' dir='ltr'>alia</span> <span class='ocrx_word' id='word_1_113' title='bbox 1961 1557 2241 1622; x_wconf 84' lang='lat' dir='ltr'>generalia</span> 
     </span>
     <span class='ocr_line' id='line_1_16' title="bbox 353 1641 2240 1707; baseline -0.002 -9"><span class='ocrx_word' id='word_1_114' title='bbox 353 1642 624 1706; x_wconf 86' lang='lat' dir='ltr'>Concilia‚</span> <span class='ocrx_word' id='word_1_115' title='bbox 686 1644 763 1694; x_wconf 86' lang='lat' dir='ltr'>ita</span> <span class='ocrx_word' id='word_1_116' title='bbox 813 1643 977 1693; x_wconf 90' lang='lat' dir='ltr'>etiam</span> <span class='ocrx_word' id='word_1_117' title='bbox 1015 1642 1288 1707; x_wconf 84' lang='lat' dir='ltr'>praesenti</span> <span class='ocrx_word' id='word_1_118' title='bbox 1328 1641 1544 1694; x_wconf 89' lang='lat' dir='ltr'>saeculo</span> <span class='ocrx_word' id='word_1_119' title='bbox 1583 1641 1888 1693; x_wconf 87' lang='lat' dir='ltr'>Concilium</span> <span class='ocrx_word' id='word_1_120' title='bbox 1926 1643 2032 1694; x_wconf 89' lang='lat' dir='ltr'>hoc</span> <span class='ocrx_word' id='word_1_121' title='bbox 2070 1642 2240 1694; x_wconf 73' lang='grc' dir='ltr'>00011ὁ</span> 
     </span>
     <span class='ocr_line' id='line_1_17' title="bbox 351 1716 2239 1793; baseline -0.002 -10"><span class='ocrx_word' id='word_1_122' title='bbox 351 1731 628 1783; x_wconf 86' lang='lat' dir='ltr'>menicum</span> <span class='ocrx_word' id='word_1_123' title='bbox 667 1743 698 1779; x_wconf 90' lang='lat' dir='ltr'>a</span> <span class='ocrx_word' id='word_1_124' title='bbox 732 1728 893 1780; x_wconf 91' lang='lat' dir='ltr'>Nobis</span> <span class='ocrx_word' id='word_1_125' title='bbox 932 1716 1202 1778; x_wconf 88' lang='lat' dir='ltr'>indictum</span> <span class='ocrx_word' id='word_1_126' title='bbox 1241 1728 1435 1779; x_wconf 84' lang='lat' dir='ltr'>uberes</span> <span class='ocrx_word' id='word_1_127' title='bbox 1459 1767 1475 1793; x_wconf 83' lang='lat'><em>,</em></span> <span class='ocrx_word' id='word_1_128' title='bbox 1539 1727 2004 1793; x_wconf 86' lang='lat' dir='ltr'>laetissimosque,</span> <span class='ocrx_word' id='word_1_129' title='bbox 2051 1729 2239 1780; x_wconf 88' lang='lat' dir='ltr'>divina</span> 
     </span>
     <span class='ocr_line' id='line_1_18' title="bbox 352 1811 2240 1882; baseline -0.001 -16"><span class='ocrx_word' id='word_1_130' title='bbox 352 1816 660 1882; x_wconf 86' lang='lat' dir='ltr'>adspirante</span> <span class='ocrx_word' id='word_1_131' title='bbox 699 1814 893 1879; x_wconf 85' lang='lat' dir='ltr'>gratia,</span> <span class='ocrx_word' id='word_1_132' title='bbox 935 1813 1145 1864; x_wconf 88' lang='lat' dir='ltr'>fructus</span> <span class='ocrx_word' id='word_1_133' title='bbox 1185 1813 1411 1876; x_wconf 85' lang='lat' dir='ltr'>emittat,</span> <span class='ocrx_word' id='word_1_134' title='bbox 1456 1828 1554 1879; x_wconf 89' lang='lat' dir='ltr'>pro</span> <span class='ocrx_word' id='word_1_135' title='bbox 1594 1814 1799 1865; x_wconf 87' lang='lat' dir='ltr'>maiore</span> <span class='ocrx_word' id='word_1_136' title='bbox 1836 1814 1931 1865; x_wconf 89' lang='lat' dir='ltr'>Dei</span> <span class='ocrx_word' id='word_1_137' title='bbox 1957 1811 2146 1878; x_wconf 72' lang='lat' dir='ltr'>gloria,</span> <span class='ocrx_word' id='word_1_138' title='bbox 2179 1828 2240 1870; x_wconf 85' lang='lat' dir='ltr'>ac</span> 
     </span>
     <span class='ocr_line' id='line_1_19' title="bbox 352 1898 1243 1973; baseline -0.008 -18"><span class='ocrx_word' id='word_1_139' title='bbox 352 1902 685 1968; x_wconf 87' lang='lat' dir='ltr'>sempiterna</span> <span class='ocrx_word' id='word_1_140' title='bbox 722 1900 1017 1973; x_wconf 87' lang='lat' dir='ltr'>hominum</span> <span class='ocrx_word' id='word_1_141' title='bbox 1049 1898 1243 1950; x_wconf 86' lang='lat' dir='ltr'>salute.</span> 
     </span>
    </p>

    <p class='ocr_par' dir='ltr' id='par_1_3' title="bbox 418 1985 2232 2052">
     <span class='ocr_line' id='line_1_20' title="bbox 418 1985 2232 2052; baseline 0 -14"><span class='ocrx_word' id='word_1_142' title='bbox 418 1987 601 2052; x_wconf 88' lang='lat' dir='ltr'>Itaque</span> <span class='ocrx_word' id='word_1_143' title='bbox 639 1987 698 2036; x_wconf 90' lang='lat' dir='ltr'>in</span> <span class='ocrx_word' id='word_1_144' title='bbox 736 1986 880 2038; x_wconf 89' lang='lat' dir='ltr'>hanc</span> <span class='ocrx_word' id='word_1_145' title='bbox 916 2000 1069 2052; x_wconf 92' lang='lat' dir='ltr'>spem</span> <span class='ocrx_word' id='word_1_146' title='bbox 1103 1986 1282 2048; x_wconf 82' lang='lat' dir='ltr'>erecti,</span> <span class='ocrx_word' id='word_1_147' title='bbox 1328 2001 1389 2036; x_wconf 86' lang='lat' dir='ltr'>ac</span> <span class='ocrx_word' id='word_1_148' title='bbox 1416 1985 1636 2036; x_wconf 85' lang='lat' dir='ltr'>Domini</span> <span class='ocrx_word' id='word_1_149' title='bbox 1662 1985 1837 2039; x_wconf 90' lang='lat' dir='ltr'>Nostri</span> <span class='ocrx_word' id='word_1_150' title='bbox 1876 1986 1997 2038; x_wconf 89' lang='lat' dir='ltr'>Iesu</span> <span class='ocrx_word' id='word_1_151' title='bbox 2023 1987 2232 2050; x_wconf 85' lang='lat' dir='ltr'>Christi,</span> 
     </span>
    </p>
   </div>
   <div class='ocr_carea' id='block_1_3' title="bbox 337 2319 2248 3642">
    <p class='ocr_par' dir='ltr' id='par_1_4' title="bbox 337 2319 2248 3560">
     <span class='ocr_line' id='line_1_21' title="bbox 352 2319 2240 2380; baseline 0 -10"><span class='ocrx_word' id='word_1_152' title='bbox 352 2322 474 2380; x_wconf 78' lang='lat' dir='ltr'>teni,</span> <span class='ocrx_word' id='word_1_153' title='bbox 507 2320 746 2368; x_wconf 85' lang='lat' dir='ltr'>chiamati</span> <span class='ocrx_word' id='word_1_154' title='bbox 777 2332 807 2365; x_wconf 88' lang='lat' dir='ltr'>a</span> <span class='ocrx_word' id='word_1_155' title='bbox 838 2319 981 2377; x_wconf 89' lang='lat' dir='ltr'>parte</span> <span class='ocrx_word' id='word_1_156' title='bbox 1013 2319 1142 2366; x_wconf 88' lang='lat' dir='ltr'>della</span> <span class='ocrx_word' id='word_1_157' title='bbox 1165 2319 1345 2366; x_wconf 87' lang='lat' dir='ltr'>Nostra</span> <span class='ocrx_word' id='word_1_158' title='bbox 1366 2320 1737 2380; x_wconf 82' lang='lat' dir='ltr'>sollecitudine‚</span> <span class='ocrx_word' id='word_1_159' title='bbox 1761 2321 2007 2379; x_wconf 88' lang='lat' dir='ltr'>possiamo</span> <span class='ocrx_word' id='word_1_160' title='bbox 2028 2322 2240 2370; x_wconf 78' lang='lat' dir='ltr'>fel-mare</span> 
     </span>
     <span class='ocr_line' id='line_1_22' title="bbox 352 2393 2239 2455; baseline 0.001 -13"><span class='ocrx_word' id='word_1_161' title='bbox 352 2396 475 2443; x_wconf 88' lang='lat' dir='ltr'>tutti</span> <span class='ocrx_word' id='word_1_162' title='bbox 504 2395 621 2455; x_wconf 90' lang='lat' dir='ltr'>quei</span> <span class='ocrx_word' id='word_1_163' title='bbox 650 2394 1071 2453; x_wconf 85' lang='lat' dir='ltr'>provvedimenti,</span> <span class='ocrx_word' id='word_1_164' title='bbox 1095 2393 1187 2440; x_wconf 87' lang='lat' dir='ltr'>che</span> <span class='ocrx_word' id='word_1_165' title='bbox 1208 2394 1350 2439; x_wconf 84' lang='lat' dir='ltr'>siano</span> <span class='ocrx_word' id='word_1_166' title='bbox 1371 2393 1460 2451; x_wconf 79' lang='lat' dir='ltr'>piu</span> <span class='ocrx_word' id='word_1_167' title='bbox 1482 2396 1754 2453; x_wconf 86' lang='lat' dir='ltr'>opportuni</span> <span class='ocrx_word' id='word_1_168' title='bbox 1776 2409 1802 2443; x_wconf 90' lang='lat' dir='ltr'>e</span> <span class='ocrx_word' id='word_1_169' title='bbox 1823 2396 2239 2454; x_wconf 83' lang='lat' dir='ltr'>maggiormente</span> 
     </span>
     <span class='ocr_line' id='line_1_23' title="bbox 337 2467 2245 2528; baseline 0.001 -12"><span class='ocrx_word' id='word_1_170' title='bbox 337 2470 625 2527; x_wconf 77' lang='lat' dir='ltr'>necessari,</span> <span class='ocrx_word' id='word_1_171' title='bbox 660 2469 734 2514; x_wconf 86' lang='lat' dir='ltr'>sia</span> <span class='ocrx_word' id='word_1_172' title='bbox 765 2481 796 2514; x_wconf 89' lang='lat' dir='ltr'>a</span> <span class='ocrx_word' id='word_1_173' title='bbox 826 2467 1068 2525; x_wconf 87' lang='lat' dir='ltr'>dissipare</span> <span class='ocrx_word' id='word_1_174' title='bbox 1098 2467 1145 2513; x_wconf 92' lang='lat' dir='ltr'>le</span> <span class='ocrx_word' id='word_1_175' title='bbox 1175 2467 1382 2514; x_wconf 83' lang='lat' dir='ltr'>tenebre</span> <span class='ocrx_word' id='word_1_176' title='bbox 1415 2468 1465 2513; x_wconf 91' lang='lat' dir='ltr'>di</span> <span class='ocrx_word' id='word_1_177' title='bbox 1495 2468 1628 2514; x_wconf 89' lang='lat' dir='ltr'>tanti</span> <span class='ocrx_word' id='word_1_178' title='bbox 1667 2469 1889 2527; x_wconf 84' lang='lat' dir='ltr'>pestiferi</span> <span class='ocrx_word' id='word_1_179' title='bbox 1936 2470 2121 2528; x_wconf 85' lang='lat' dir='ltr'>errori,</span> <span class='ocrx_word' id='word_1_180' title='bbox 2154 2470 2245 2518; x_wconf 90' lang='lat' dir='ltr'>che</span> 
     </span>
     <span class='ocr_line' id='line_1_24' title="bbox 357 2541 2247 2602; baseline 0.001 -11"><span class='ocrx_word' id='word_1_181' title='bbox 357 2557 451 2591; x_wconf 89' lang='lat' dir='ltr'>con</span> <span class='ocrx_word' id='word_1_182' title='bbox 498 2556 688 2590; x_wconf 89' lang='lat' dir='ltr'>sommo</span> <span class='ocrx_word' id='word_1_183' title='bbox 738 2543 907 2588; x_wconf 85' lang='lat' dir='ltr'>danno</span> <span class='ocrx_word' id='word_1_184' title='bbox 955 2542 1079 2587; x_wconf 88' lang='lat' dir='ltr'>delle</span> <span class='ocrx_word' id='word_1_185' title='bbox 1131 2541 1300 2587; x_wconf 88' lang='lat' dir='ltr'>anime</span> <span class='ocrx_word' id='word_1_186' title='bbox 1351 2542 1677 2600; x_wconf 84' lang='lat' dir='ltr'>dappertutto</span> <span class='ocrx_word' id='word_1_187' title='bbox 1729 2544 2136 2602; x_wconf 85' lang='lat' dir='ltr'>signoreggiano</span> <span class='ocrx_word' id='word_1_188' title='bbox 2185 2545 2247 2592; x_wconf 92' lang='lat' dir='ltr'>ed</span> 
     </span>
     <span class='ocr_line' id='line_1_25' title="bbox 353 2614 2245 2676; baseline 0.001 -12"><span class='ocrx_word' id='word_1_189' title='bbox 353 2619 758 2676; x_wconf 80' lang='lat' dir='ltr'>imperversan03</span> <span class='ocrx_word' id='word_1_190' title='bbox 791 2616 866 2661; x_wconf 90' lang='lat' dir='ltr'>sia</span> <span class='ocrx_word' id='word_1_191' title='bbox 896 2628 926 2660; x_wconf 87' lang='lat' dir='ltr'>a</span> <span class='ocrx_word' id='word_1_192' title='bbox 957 2614 1180 2660; x_wconf 86' lang='lat' dir='ltr'>stabilire</span> <span class='ocrx_word' id='word_1_193' title='bbox 1202 2615 1328 2673; x_wconf 84' lang='lat' dir='ltr'>ogni</span> <span class='ocrx_word' id='word_1_194' title='bbox 1351 2614 1400 2661; x_wconf 85' lang='grc'>(11</span> <span class='ocrx_word' id='word_1_195' title='bbox 1426 2616 1838 2674; x_wconf 83' lang='lat' dir='ltr'>maggiormente</span> <span class='ocrx_word' id='word_1_196' title='bbox 1859 2618 1921 2664; x_wconf 85' lang='lat' dir='ltr'>ed</span> <span class='ocrx_word' id='word_1_197' title='bbox 1941 2618 2245 2676; x_wconf 85' lang='lat' dir='ltr'>amplificare</span> 
     </span>
     <span class='ocr_line' id='line_1_26' title="bbox 355 2683 2244 2751; baseline 0.001 -13"><span class='ocrx_word' id='word_1_198' title='bbox 355 2683 438 2738; x_wconf 85' lang='lat' dir='ltr'>nei</span> <span class='ocrx_word' id='word_1_199' title='bbox 467 2691 632 2749; x_wconf 90' lang='lat' dir='ltr'>popoli</span> <span class='ocrx_word' id='word_1_200' title='bbox 661 2688 852 2735; x_wconf 86' lang='lat' dir='ltr'>affidati</span> <span class='ocrx_word' id='word_1_201' title='bbox 883 2689 982 2734; x_wconf 86' lang='lat' dir='ltr'>alla</span> <span class='ocrx_word' id='word_1_202' title='bbox 1013 2690 1195 2734; x_wconf 89' lang='lat' dir='ltr'>Nostra</span> <span class='ocrx_word' id='word_1_203' title='bbox 1226 2689 1487 2747; x_wconf 83' lang='lat' dir='ltr'>vigilanza</span> <span class='ocrx_word' id='word_1_204' title='bbox 1520 2689 1555 2734; x_wconf 89' lang='lat' dir='ltr'>il</span> <span class='ocrx_word' id='word_1_205' title='bbox 1587 2702 1754 2748; x_wconf 85' lang='lat' dir='ltr'>regno</span> <span class='ocrx_word' id='word_1_206' title='bbox 1787 2691 1916 2737; x_wconf 89' lang='lat' dir='ltr'>della</span> <span class='ocrx_word' id='word_1_207' title='bbox 1946 2704 2068 2739; x_wconf 78' lang='lat' dir='ltr'>vera</span> <span class='ocrx_word' id='word_1_208' title='bbox 2108 2692 2244 2751; x_wconf 87' lang='lat' dir='ltr'>fede,</span> 
     </span>
     <span class='ocr_line' id='line_1_27' title="bbox 355 2763 2247 2823; baseline 0.001 -12"><span class='ocrx_word' id='word_1_209' title='bbox 355 2766 484 2812; x_wconf 87' lang='lat' dir='ltr'>della</span> <span class='ocrx_word' id='word_1_210' title='bbox 515 2763 756 2823; x_wconf 83' lang='lat' dir='ltr'>giustizia</span> <span class='ocrx_word' id='word_1_211' title='bbox 785 2776 812 2809; x_wconf 92' lang='lat' dir='ltr'>e</span> <span class='ocrx_word' id='word_1_212' title='bbox 843 2763 973 2808; x_wconf 88' lang='lat' dir='ltr'>della</span> <span class='ocrx_word' id='word_1_213' title='bbox 1004 2774 1125 2808; x_wconf 87' lang='lat' dir='ltr'>vera</span> <span class='ocrx_word' id='word_1_214' title='bbox 1155 2775 1278 2819; x_wconf 90' lang='lat' dir='ltr'>pace</span> <span class='ocrx_word' id='word_1_215' title='bbox 1311 2763 1361 2808; x_wconf 92' lang='lat' dir='ltr'>di</span> <span class='ocrx_word' id='word_1_216' title='bbox 1391 2763 1500 2808; x_wconf 87' lang='lat' dir='ltr'>Dio.</span> <span class='ocrx_word' id='word_1_217' title='bbox 1538 2765 1576 2808; x_wconf 90' lang='lat' dir='ltr'><strong>E</strong></span> <span class='ocrx_word' id='word_1_218' title='bbox 1611 2764 2030 2823; x_wconf 85' lang='lat' dir='ltr'>principalmente</span> <span class='ocrx_word' id='word_1_219' title='bbox 2057 2766 2247 2813; x_wconf 83' lang='lat' dir='ltr'>affidati</span> 
     </span>
     <span class='ocr_line' id='line_1_28' title="bbox 354 2836 2248 2899; baseline 0.001 -14"><span class='ocrx_word' id='word_1_220' title='bbox 354 2840 450 2885; x_wconf 88' lang='lat' dir='ltr'>allo</span> <span class='ocrx_word' id='word_1_221' title='bbox 480 2837 796 2884; x_wconf 84' lang='lat' dir='ltr'>strettissimo</span> <span class='ocrx_word' id='word_1_222' title='bbox 827 2849 854 2882; x_wconf 91' lang='lat' dir='ltr'>e</span> <span class='ocrx_word' id='word_1_223' title='bbox 884 2836 1166 2882; x_wconf 89' lang='lat' dir='ltr'>dolcissimo</span> <span class='ocrx_word' id='word_1_224' title='bbox 1187 2836 1331 2895; x_wconf 84' lang='lat' dir='ltr'>pat-to</span> <span class='ocrx_word' id='word_1_225' title='bbox 1365 2837 1415 2882; x_wconf 90' lang='lat' dir='ltr'>di</span> <span class='ocrx_word' id='word_1_226' title='bbox 1439 2837 1650 2896; x_wconf 89' lang='lat' dir='ltr'>unione,</span> <span class='ocrx_word' id='word_1_227' title='bbox 1675 2840 1750 2884; x_wconf 89' lang='grc'>001</span> <span class='ocrx_word' id='word_1_228' title='bbox 1785 2841 1934 2899; x_wconf 90' lang='lat' dir='ltr'>quale</span> <span class='ocrx_word' id='word_1_229' title='bbox 1954 2850 2077 2886; x_wconf 88' lang='lat' dir='ltr'>sono</span> <span class='ocrx_word' id='word_1_230' title='bbox 2098 2840 2248 2887; x_wconf 74' lang='lat' dir='ltr'>mira-</span> 
     </span>
     <span class='ocr_line' id='line_1_29' title="bbox 353 2909 2247 2971; baseline 0.002 -13"><span class='ocrx_word' id='word_1_231' title='bbox 353 2911 595 2958; x_wconf 87' lang='lat' dir='ltr'>bilmente</span> <span class='ocrx_word' id='word_1_232' title='bbox 622 2910 782 2968; x_wconf 83' lang='lat' dir='ltr'>legati</span> <span class='ocrx_word' id='word_1_233' title='bbox 814 2923 844 2955; x_wconf 87' lang='lat' dir='ltr'>a</span> <span class='ocrx_word' id='word_1_234' title='bbox 874 2909 966 2955; x_wconf 92' lang='lat' dir='ltr'>Noi</span> <span class='ocrx_word' id='word_1_235' title='bbox 997 2910 1059 2955; x_wconf 91' lang='lat' dir='ltr'>ed</span> <span class='ocrx_word' id='word_1_236' title='bbox 1090 2922 1120 2955; x_wconf 88' lang='lat' dir='ltr'>a</span> <span class='ocrx_word' id='word_1_237' title='bbox 1153 2910 1332 2968; x_wconf 86' lang='lat' dir='ltr'>questa</span> <span class='ocrx_word' id='word_1_238' title='bbox 1363 2909 1490 2957; x_wconf 85' lang='lat' dir='ltr'>Sede</span> <span class='ocrx_word' id='word_1_239' title='bbox 1522 2911 1800 2968; x_wconf 84' lang='lat' dir='ltr'>apostolica</span> <span class='ocrx_word' id='word_1_240' title='bbox 1826 2913 1903 2971; x_wconf 86' lang='lat' dir='ltr'>gli</span> <span class='ocrx_word' id='word_1_241' title='bbox 1922 2914 2067 2960; x_wconf 85' lang='lat' dir='ltr'>stessi</span> <span class='ocrx_word' id='word_1_242' title='bbox 2086 2915 2247 2961; x_wconf 89' lang='lat' dir='ltr'>Vene-</span> 
     </span>
     <span class='ocr_line' id='line_1_30' title="bbox 355 2982 2246 3046; baseline 0.002 -15"><span class='ocrx_word' id='word_1_243' title='bbox 355 2985 502 3032; x_wconf 88' lang='lat' dir='ltr'>rabili</span> <span class='ocrx_word' id='word_1_244' title='bbox 533 2983 699 3030; x_wconf 87' lang='lat' dir='ltr'>Nostri</span> <span class='ocrx_word' id='word_1_245' title='bbox 730 2983 952 3041; x_wconf 88' lang='lat' dir='ltr'>Fratelli‚</span> <span class='ocrx_word' id='word_1_246' title='bbox 977 2982 1068 3029; x_wconf 88' lang='lat' dir='ltr'>che</span> <span class='ocrx_word' id='word_1_247' title='bbox 1099 2983 1345 3040; x_wconf 83' lang='lat' dir='ltr'>giammai</span> <span class='ocrx_word' id='word_1_248' title='bbox 1378 2996 1481 3029; x_wconf 90' lang='lat' dir='ltr'>non</span> <span class='ocrx_word' id='word_1_249' title='bbox 1505 2985 1772 3032; x_wconf 85' lang='lat' dir='ltr'>ommisero</span> <span class='ocrx_word' id='word_1_250' title='bbox 1792 2986 1846 3031; x_wconf 91' lang='lat' dir='ltr'>in</span> <span class='ocrx_word' id='word_1_251' title='bbox 1868 2985 2002 3033; x_wconf 83' lang='lat' dir='ltr'>tutto</span> <span class='ocrx_word' id='word_1_252' title='bbox 2022 2987 2059 3032; x_wconf 92' lang='lat' dir='ltr'>il</span> <span class='ocrx_word' id='word_1_253' title='bbox 2077 2986 2246 3046; x_wconf 88' lang='lat' dir='ltr'>tempo</span> 
     </span>
     <span class='ocr_line' id='line_1_31' title="bbox 356 3056 2246 3120; baseline 0.001 -14"><span class='ocrx_word' id='word_1_254' title='bbox 356 3061 435 3107; x_wconf 90' lang='lat' dir='ltr'>del</span> <span class='ocrx_word' id='word_1_255' title='bbox 465 3058 642 3105; x_wconf 87' lang='lat' dir='ltr'>Nostro</span> <span class='ocrx_word' id='word_1_256' title='bbox 671 3069 903 3115; x_wconf 89' lang='lat' dir='ltr'>supremo</span> <span class='ocrx_word' id='word_1_257' title='bbox 936 3056 1232 3103; x_wconf 89' lang='lat' dir='ltr'>Pontificato</span> <span class='ocrx_word' id='word_1_258' title='bbox 1280 3057 1330 3103; x_wconf 91' lang='lat' dir='ltr'>di</span> <span class='ocrx_word' id='word_1_259' title='bbox 1379 3059 1498 3105; x_wconf 88' lang='lat' dir='ltr'>dare</span> <span class='ocrx_word' id='word_1_260' title='bbox 1545 3059 1948 3116; x_wconf 89' lang='lat' dir='ltr'>splendidissime</span> <span class='ocrx_word' id='word_1_261' title='bbox 1995 3073 2149 3120; x_wconf 89' lang='lat' dir='ltr'>prove</span> <span class='ocrx_word' id='word_1_262' title='bbox 2195 3061 2246 3107; x_wconf 88' lang='lat' dir='ltr'>di</span> 
     </span>
     <span class='ocr_line' id='line_1_32' title="bbox 356 3131 2242 3194; baseline 0.001 -14"><span class='ocrx_word' id='word_1_263' title='bbox 356 3132 556 3188; x_wconf 59' lang='lat' dir='ltr'>sedena,</span> <span class='ocrx_word' id='word_1_264' title='bbox 589 3132 640 3178; x_wconf 92' lang='lat' dir='ltr'>di</span> <span class='ocrx_word' id='word_1_265' title='bbox 671 3143 839 3178; x_wconf 87' lang='lat' dir='ltr'>amore</span> <span class='ocrx_word' id='word_1_266' title='bbox 871 3144 898 3177; x_wconf 90' lang='lat' dir='ltr'>e</span> <span class='ocrx_word' id='word_1_267' title='bbox 932 3131 981 3176; x_wconf 90' lang='lat' dir='ltr'>di</span> <span class='ocrx_word' id='word_1_268' title='bbox 1014 3131 1242 3190; x_wconf 91' lang='lat' dir='ltr'>ossequio</span> <span class='ocrx_word' id='word_1_269' title='bbox 1274 3144 1303 3176; x_wconf 89' lang='lat' dir='ltr'>a</span> <span class='ocrx_word' id='word_1_270' title='bbox 1334 3132 1426 3177; x_wconf 88' lang='lat' dir='ltr'>Noi</span> <span class='ocrx_word' id='word_1_271' title='bbox 1457 3132 1518 3179; x_wconf 91' lang='lat' dir='ltr'>ed</span> <span class='ocrx_word' id='word_1_272' title='bbox 1549 3134 1648 3178; x_wconf 89' lang='lat' dir='ltr'>alla</span> <span class='ocrx_word' id='word_1_273' title='bbox 1690 3133 1848 3180; x_wconf 88' lang='lat' dir='ltr'>stessa</span> <span class='ocrx_word' id='word_1_274' title='bbox 1886 3134 2065 3192; x_wconf 86' lang='lat' dir='ltr'>Nostra</span> <span class='ocrx_word' id='word_1_275' title='bbox 2101 3134 2242 3194; x_wconf 85' lang='lat' dir='ltr'>Sede,</span> 
     </span>
     <span class='ocr_line' id='line_1_33' title="bbox 357 3197 2243 3268; baseline 0.001 -14"><span class='ocrx_word' id='word_1_276' title='bbox 357 3197 604 3266; x_wconf 73' lang='lat' dir='ltr'>speriamo</span> <span class='ocrx_word' id='word_1_277' title='bbox 634 3205 743 3263; x_wconf 88' lang='lat' dir='ltr'>che,</span> <span class='ocrx_word' id='word_1_278' title='bbox 775 3205 987 3252; x_wconf 90' lang='lat' dir='ltr'>siccome</span> <span class='ocrx_word' id='word_1_279' title='bbox 1019 3205 1103 3251; x_wconf 91' lang='lat' dir='ltr'>nei</span> <span class='ocrx_word' id='word_1_280' title='bbox 1134 3205 1282 3251; x_wconf 89' lang='lat' dir='ltr'>secoli</span> <span class='ocrx_word' id='word_1_281' title='bbox 1315 3206 1467 3252; x_wconf 89' lang='lat' dir='ltr'>scorsi</span> <span class='ocrx_word' id='word_1_282' title='bbox 1500 3207 1574 3265; x_wconf 82' lang='lat' dir='ltr'>gli</span> <span class='ocrx_word' id='word_1_283' title='bbox 1607 3206 1722 3253; x_wconf 87' lang='lat' dir='ltr'>altri</span> <span class='ocrx_word' id='word_1_284' title='bbox 1758 3206 1967 3254; x_wconf 84' lang='lat' dir='ltr'>Concilii</span> <span class='ocrx_word' id='word_1_285' title='bbox 1997 3210 2243 3268; x_wconf 81' lang='lat' dir='ltr'>generali,</span> 
     </span>
     <span class='ocr_line' id='line_1_34' title="bbox 357 3277 2244 3338; baseline 0.001 -10"><span class='ocrx_word' id='word_1_286' title='bbox 357 3280 459 3328; x_wconf 87' lang='lat' dir='ltr'>cosl</span> <span class='ocrx_word' id='word_1_287' title='bbox 488 3281 572 3327; x_wconf 89' lang='lat' dir='ltr'>nel</span> <span class='ocrx_word' id='word_1_288' title='bbox 601 3278 832 3338; x_wconf 85' lang='lat' dir='ltr'>presente</span> <span class='ocrx_word' id='word_1_289' title='bbox 864 3280 1022 3325; x_wconf 89' lang='lat' dir='ltr'>secolo</span> <span class='ocrx_word' id='word_1_290' title='bbox 1055 3277 1231 3338; x_wconf 84' lang='lat' dir='ltr'>questo</span> <span class='ocrx_word' id='word_1_291' title='bbox 1266 3278 1487 3327; x_wconf 86' lang='lat' dir='ltr'>Concilio</span> <span class='ocrx_word' id='word_1_292' title='bbox 1519 3280 1809 3327; x_wconf 89' lang='lat' dir='ltr'>ecumenico</span> <span class='ocrx_word' id='word_1_293' title='bbox 1841 3281 1903 3326; x_wconf 86' lang='lat' dir='ltr'>da</span> <span class='ocrx_word' id='word_1_294' title='bbox 1935 3282 2028 3327; x_wconf 94' lang='lat' dir='ltr'>Noi</span> <span class='ocrx_word' id='word_1_295' title='bbox 2064 3294 2244 3330; x_wconf 86' lang='lat' dir='ltr'>convo-</span> 
     </span>
     <span class='ocr_line' id='line_1_35' title="bbox 358 3353 2244 3415; baseline 0 -13"><span class='ocrx_word' id='word_1_296' title='bbox 358 3355 470 3403; x_wconf 83' lang='lat' dir='ltr'>cato</span> <span class='ocrx_word' id='word_1_297' title='bbox 500 3354 574 3400; x_wconf 88' lang='lat' dir='ltr'>sia</span> <span class='ocrx_word' id='word_1_298' title='bbox 603 3365 692 3411; x_wconf 87' lang='lat' dir='ltr'>per</span> <span class='ocrx_word' id='word_1_299' title='bbox 722 3353 984 3411; x_wconf 87' lang='lat' dir='ltr'>produrre‚</span> <span class='ocrx_word' id='word_1_300' title='bbox 1017 3353 1093 3399; x_wconf 90' lang='lat' dir='ltr'>col</span> <span class='ocrx_word' id='word_1_301' title='bbox 1123 3353 1296 3399; x_wconf 85' lang='lat' dir='ltr'>favore</span> <span class='ocrx_word' id='word_1_302' title='bbox 1328 3353 1457 3400; x_wconf 85' lang='lat' dir='ltr'>della</span> <span class='ocrx_word' id='word_1_303' title='bbox 1478 3354 1652 3412; x_wconf 83' lang='lat' dir='ltr'>grazia</span> <span class='ocrx_word' id='word_1_304' title='bbox 1674 3354 1866 3413; x_wconf 84' lang='lat' dir='ltr'>divina,</span> <span class='ocrx_word' id='word_1_305' title='bbox 1890 3354 2036 3402; x_wconf 86' lang='lat' dir='ltr'>frutti</span> <span class='ocrx_word' id='word_1_306' title='bbox 2059 3356 2244 3415; x_wconf 89' lang='lat' dir='ltr'>copiosi</span> 
     </span>
     <span class='ocr_line' id='line_1_36' title="bbox 357 3417 2243 3486; baseline 0.001 -10"><span class='ocrx_word' id='word_1_307' title='bbox 357 3442 384 3476; x_wconf 89' lang='lat' dir='ltr'>e</span> <span class='ocrx_word' id='word_1_308' title='bbox 412 3417 657 3476; x_wconf 83' lang='lat' dir='ltr'>lietissimi</span> <span class='ocrx_word' id='word_1_309' title='bbox 686 3439 774 3485; x_wconf 89' lang='lat' dir='ltr'>per</span> <span class='ocrx_word' id='word_1_310' title='bbox 802 3428 853 3472; x_wconf 86' lang='lat' dir='ltr'>la</span> <span class='ocrx_word' id='word_1_311' title='bbox 882 3426 1151 3485; x_wconf 82' lang='lat' dir='ltr'>maggiore</span> <span class='ocrx_word' id='word_1_312' title='bbox 1181 3426 1344 3484; x_wconf 83' lang='lat' dir='ltr'>gloria</span> <span class='ocrx_word' id='word_1_313' title='bbox 1375 3428 1426 3472; x_wconf 90' lang='lat' dir='ltr'>di</span> <span class='ocrx_word' id='word_1_314' title='bbox 1458 3428 1549 3473; x_wconf 92' lang='lat' dir='ltr'>Dio</span> <span class='ocrx_word' id='word_1_315' title='bbox 1580 3439 1607 3475; x_wconf 90' lang='lat' dir='ltr'>e</span> <span class='ocrx_word' id='word_1_316' title='bbox 1638 3440 1726 3486; x_wconf 88' lang='lat' dir='ltr'>per</span> <span class='ocrx_word' id='word_1_317' title='bbox 1775 3429 1825 3474; x_wconf 88' lang='grc'>10</span> <span class='ocrx_word' id='word_1_318' title='bbox 1865 3428 2028 3476; x_wconf 88' lang='lat' dir='ltr'>salute</span> <span class='ocrx_word' id='word_1_319' title='bbox 2063 3430 2243 3478; x_wconf 83' lang='lat' dir='ltr'>eterna</span> 
     </span>
     <span class='ocr_line' id='line_1_37' title="bbox 359 3500 744 3560; baseline -0.013 -10"><span class='ocrx_word' id='word_1_320' title='bbox 359 3501 496 3560; x_wconf 84' lang='lat' dir='ltr'>degli</span> <span class='ocrx_word' id='word_1_321' title='bbox 535 3500 744 3547; x_wconf 90' lang='lat' dir='ltr'>uomini.</span> 
     </span>
    </p>

    <p class='ocr_par' dir='ltr' id='par_1_5' title="bbox 415 3573 2243 3642">
     <span class='ocr_line' id='line_1_38' title="bbox 415 3573 2243 3642; baseline 0.001 -20"><span class='ocrx_word' id='word_1_322' title='bbox 415 3575 634 3642; x_wconf 63' lang='lat' dir='ltr'>Laome,</span> <span class='ocrx_word' id='word_1_323' title='bbox 666 3573 910 3631; x_wconf 83' lang='lat' dir='ltr'>sostenuti</span> <span class='ocrx_word' id='word_1_324' title='bbox 942 3574 1005 3621; x_wconf 87' lang='lat' dir='ltr'>da</span> <span class='ocrx_word' id='word_1_325' title='bbox 1038 3573 1215 3639; x_wconf 83' lang='lat' dir='ltr'>questa</span> <span class='ocrx_word' id='word_1_326' title='bbox 1246 3586 1506 3634; x_wconf 84' lang='lat' dir='ltr'>speranza,</span> <span class='ocrx_word' id='word_1_327' title='bbox 1541 3575 1602 3626; x_wconf 89' lang='lat' dir='ltr'>ed</span> <span class='ocrx_word' id='word_1_328' title='bbox 1632 3575 1830 3630; x_wconf 83' lang='lat' dir='ltr'>eccitati</span> <span class='ocrx_word' id='word_1_329' title='bbox 1860 3588 1888 3623; x_wconf 89' lang='lat' dir='ltr'>e</span> <span class='ocrx_word' id='word_1_330' title='bbox 1917 3576 2074 3637; x_wconf 87' lang='lat' dir='ltr'>spinti</span> <span class='ocrx_word' id='word_1_331' title='bbox 2109 3577 2243 3631; x_wconf 69' lang='lat' dir='ltr'>dalla</span> 
     </span>
    </p>
   </div>
  </div>
 </body>
</html>
