2488 4290
2054 313 2112 360 73

281 412 429 484 Item,
463 422 563 474 sub
590 417 871 488 religionis
904 429 1173 490 respectu,
1203 421 1398 487 ingens
1436 421 1580 489 apud
1617 420 1843 473 Iudaeos
1882 423 2110 473 mutatio

210 509 347 560 facta
388 516 484 560 est.
531 509 671 561 Dum
712 511 882 575 enim,
927 526 988 562 ex
1028 526 1139 562 una
1178 515 1342 576 parte,
1383 507 1654 559 materiali
1695 523 1855 558 muro
1894 523 1925 558 a
1965 507 2109 559 civili

207 603 622 647 secernerentur
652 598 925 660 societate,
960 613 1020 648 ex
1047 595 1216 648 altera
1256 612 1367 647 non
1407 595 1594 646 minus
1620 609 1651 644 a
1676 593 2109 645 Christianorum

207 680 328 745 lege
367 687 421 732 et
459 683 707 734 moribus
746 690 984 735 remotos
1024 684 1241 735 tenebat
1280 698 1371 735 eos
1408 680 1549 734 liber
1576 679 1668 731 ille
1692 695 1860 746 quem
1894 679 2114 731 Talmud

206 767 512 819 inscribunt
570 768 748 820 titulo.
815 770 969 821 Nunc
1026 785 1188 832 vero,
1252 775 1545 836 postquam
1601 769 1922 819 societatem
1983 783 2108 818 cum

207 851 525 915 Christianis
546 854 805 918 inierunt,
835 855 956 920 ipso
983 854 1124 908 sacto
1153 852 1520 920 impelluntur
1545 853 1613 904 ad
1642 852 2105 919 amplectendum,

205 935 395 988 relicto
423 937 781 1006 Talmudismo,
805 940 941 993 alios
963 958 1142 994 mores
1162 941 1427 1007 aliudque
1455 939 1800 1006 symbolum:
1834 945 1886 990 et
1911 941 2103 1006 reipsa,

202 1037 377 1089 quum
416 1024 723 1078 Occidentis
754 1027 946 1094 populi
972 1028 1030 1078 in
1059 1027 1482 1079 Rationalis-mum
1508 1025 1592 1077 vel
1617 1024 2112 1092 Indifferentismum

204 1110 409 1178 delapsi
437 1111 658 1177 suerint,
683 1112 865 1164 Israeli
877 1119 973 1176 tae,
1007 1114 1064 1163 in
1093 1120 1302 1180 partem
1331 1128 1527 1164 eorum
1553 1112 1830 1164 societatis
1858 1110 2107 1175 admissi,
2173 1098 2182 1102 ”

204 1197 394 1248 eadem
435 1201 669 1264 pessima
707 1199 1144 1264 progrediuntur
1182 1201 1283 1250 via.

271 1283 476 1334 Haecce
531 1300 704 1350 quum
742 1285 820 1335 ita
857 1301 913 1337 se
956 1284 1208 1347 habeant,
1254 1285 1462 1337 scilicet
1514 1302 1686 1351 quum
1739 1284 2013 1336 Israelitae
2054 1284 2110 1333 in

203 1368 352 1420 civili
406 1369 661 1421 societate
718 1371 906 1435 magni
963 1371 1229 1422 momenti
1290 1377 1468 1437 partes
1513 1371 1800 1439 impleant,
1852 1386 2105 1436 cumque,

201 1452 388 1506 relicta
427 1453 546 1505 fide.
573 1462 811 1521 patrum,
858 1457 1109 1507 abstracti
1149 1465 1203 1508 et
1248 1456 1435 1519 illecti,
1482 1457 1827 1509 detestabiles
1877 1457 2110 1508 subeant

203 1540 494 1607 doctrinaS,
537 1557 860 1616 persuasum
900 1542 1216 1607 habuimus,
1259 1545 1802 1593 {eminentissimi
1859 1549 1926 1593 et
1976 1546 2104 1591 Be-

201 1630 680 1684 verondissimi
738 1632 1005 1693 Patres,
1064 1628 1243 1680 zelum
1296 1628 1487 1681 salutis
1541 1630 1852 1681 animarum
1892 1644 2107 1680 necnon

201 1726 444 1766 amorem
501 1716 676 1780 gentis
733 1721 950 1768 nostrae
990 1732 1021 1767 a
1059 1715 1215 1767 nobis
1273 1716 1501 1780 exigere,
1549 1723 1625 1779 ut,
1672 1715 1991 1766 humillime
2041 1717 2109 1765 ad

198 1799 385 1852 Vestra
422 1801 693 1866 provoluti
732 1817 926 1866 genua,
972 1800 1218 1854 Vestram
1257 1802 1617 1868 deprecemur
1670 1802 2108 1853 misericordiam

203 1901 300 1951 pro
340 1886 598 1939 fratribus
638 1889 854 1951 nostriS,
898 1888 1168 1940 Abraham
1208 1886 1353 1940 filiis.
1436 1884 1439 1888 ’

276 1972 550 2026 Instanter
585 1974 771 2040 igitur,
832 1975 1372 2025 EmInentissimi
1414 1981 1483 2026 et
1519 1975 2108 2027 Reverendissimfl

261 2266 374 2315 Oosl
420 2279 548 2327 pure
567 2302 580 2328 ,
614 2267 747 2316 sotto
791 2268 1028 2328 l'aspetto
1076 2266 1205 2317 della
1248 2264 1498 2329 religione
1517 2305 1530 2328 ‚
1573 2278 1680 2316 una
1711 2270 1912 2329 grande
1943 2271 2108 2318 muta-

203 2339 344 2390 zione
375 2344 417 2390 si
450 2343 478 2390 e
509 2344 639 2390 satta
670 2345 815 2403 negli
851 2345 1014 2391 Ebrei.
1051 2345 1388 2404 Imperocche‚
1434 2344 1631 2391 mentre
1662 2357 1752 2402 per
1784 2345 1931 2391 l’una
1962 2347 2106 2403 parte

201 2419 268 2464 da
299 2431 372 2464 un
406 2432 555 2465 muro
587 2419 850 2466 materiale
881 2432 1035 2466 erano
1079 2420 1231 2466 divisi
1263 2421 1399 2465 dalla
1430 2421 1580 2466 civile
1610 2420 1815 2478 3001013,
1850 2420 2108 2466 dall’altra

200 2502 303 2539 non
336 2506 485 2540 meno
517 2506 672 2541 erano
703 2494 873 2541 tenuti
915 2494 1114 2540 lontani
1161 2495 1292 2540 dalle
1338 2495 1486 2552 leggi
1529 2507 1555 2540 e
1602 2495 1745 2553 dagli
1778 2495 1860 2540 usi
1891 2495 1971 2541 dei
2003 2494 2108 2540 Cri-

199 2565 357 2612 stiani
389 2568 455 2613 da
486 2569 605 2625 quel
637 2569 767 2615 libro
799 2568 891 2615 che
923 2569 1071 2614 viene
1103 2567 1385 2614 intitolato:
1431 2568 1660 2615 Talmud.
1695 2568 1796 2614 Ora
1826 2569 1928 2626 poi,
1967 2579 2107 2614 come

199 2639 442 2688 strinsero
474 2642 662 2689 societa
693 2643 770 2689 001
802 2642 1063 2700 Cristiani‚
1098 2655 1187 2700 per
1219 2643 1267 2689 10
1298 2642 1455 2688 stesso
1496 2642 1622 2688 fatto
1654 2654 1777 2688 sono
1824 2642 2011 2688 indotti
2043 2641 2109 2687 ad

170 2704 173 2707 Α
199 2715 554 2776 abbracciare,
599 2717 810 2763 lasciato
842 2718 877 2762 il
918 2716 1284 2775 Talmudisww,
1336 2717 1454 2762 altri
1487 2717 1706 2763 costumi
1739 2717 1800 2762 ed
1832 2716 1960 2762 altro
1992 2716 2108 2762 sim—

199 2789 342 2849 bolo;
377 2791 439 2837 ed
472 2791 646 2837 infatti
667 2827 679 2850 ‚
714 2793 924 2838 essendo
955 2793 971 2836 i
1004 2793 1172 2849 popoli
1204 2791 1597 2838 dell’Occidente
1628 2792 1803 2838 caduti
1836 2793 1918 2838 nel
1950 2792 2107 2838 razio-

197 2865 408 2912 nalismo
440 2878 466 2912 e
498 2866 1051 2927 nell'indzfferentismO,
1085 2867 1162 2925 gli
1195 2866 1412 2913 Israeliti
1456 2867 1691 2914 ammessi
1722 2879 1752 2912 a
1782 2866 1929 2924 parte
1975 2866 2106 2912 della

196 2938 302 2985 loro
333 2939 522 2986 societa
552 2941 877 2988 camminano
910 2953 998 2999 per
1031 2942 1080 2987 la
1111 2941 1271 2987 stessa
1301 2941 1521 2999 pessima
1554 2942 1656 2988 via.

255 3013 448 3060 Stando
480 3015 580 3061 cosi
613 3016 659 3062 le
690 3027 818 3075 cose,
852 3015 1148 3073 compiendo
1180 3017 1259 3074 gli
1301 3016 1520 3063 Israeliti
1569 3016 1704 3063 nella
1751 3016 1870 3062 civil
1918 3015 2106 3062 societa

197 3087 330 3144 parti
363 3088 414 3133 di
447 3101 582 3147 gran
625 3090 899 3148 momentO,
934 3090 994 3136 ed
1038 3090 1337 3137 accettando
1369 3091 1483 3149 essi,
1518 3089 1745 3136 distratti
1775 3091 1837 3136 ed
1868 3090 2103 3148 allettati‚

196 3161 481 3209 detestabili
514 3163 769 3223 dottrine‚
803 3163 1014 3210 lasciata
1044 3177 1075 3210 a
1106 3164 1252 3222 parte
1282 3165 1333 3210 la
1364 3165 1474 3210 fede
1505 3165 1586 3210 dei
1617 3165 1764 3222 padri
1795 3166 1900 3210 loro
1925 3200 1937 3222 ,
1980 3165 2106 3209 siam

193 3237 442 3296 persuasi,
477 3238 870 3285 eminentissimi
901 3251 928 3285 e
959 3239 1371 3286 reverendissimi
1404 3240 1587 3299 Padri,
1639 3239 1731 3286 che
1760 3240 1809 3285 10
1840 3240 1943 3286 zelo
1974 3239 2106 3284 della

194 3311 366 3358 salute
397 3312 525 3359 delle
558 3314 727 3359 anime
747 3349 759 3371 ,
810 3325 949 3360 come
980 3325 1108 3372 pure
1139 3314 1349 3360 l’amore
1382 3314 1515 3360 della
1545 3314 1717 3360 vostra
1749 3315 1961 3359 nazione
1979 3348 2016 3383 ,·
2043 3311 2107 3358 da

194 3385 280 3431 noi
313 3386 458 3444 esiga
489 3387 599 3447 che,
633 3388 1112 3435 umilissimamente
1152 3388 1394 3447 prostrati
1427 3389 1475 3434 ai
1507 3388 1667 3435 vost-ri
1700 3387 1957 3446 ginocchi‚
1990 3399 2107 3444 sup-

193 3459 464 3518 plichiamo
496 3462 546 3507 la
577 3462 751 3508 vostra
783 3462 1131 3509 misericordia
1151 3464 1233 3522 pei
1255 3463 1417 3510 nostri
1440 3463 1625 3509 fratelli
1652 3462 1766 3520 figli
1789 3462 1840 3507 di
1865 3462 2102 3507 Abramo.

254 3534 623 3586 Istantemente
672 3538 934 3599 adunque,
984 3538 1373 3587 eminentissimi
1420 3552 1447 3585 e
1496 3537 1906 3586 reverendissimi
1953 3536 2107 3583 Padri
