2488 4290
2123 349 2211 396 133

378 451 590 508 Utinam
629 455 685 507 id
724 456 952 523 plurimi
993 457 1094 509 sibi
1135 465 1438 523 proponant
1493 458 1743 521 bonaque
1784 456 1891 506 fide
1931 470 2204 520 exequan-

307 548 424 608 tur;
469 557 597 593 cum
634 543 693 593 id
733 544 1048 608 contingere
1092 550 1325 608 nequeat
1375 543 1495 592 sine
1535 556 1734 605 magno
1776 541 2021 605 ipsorum
2063 547 2206 590 cete-

303 643 605 694 rorumque
646 635 929 694 proventu.
993 628 1237 694 Ipsorum
1295 627 1535 693 quidem,
1580 626 1712 693 quia
1751 627 1892 676 Deus
1930 626 2209 690 requiren-

304 713 449 765 tibus
486 728 541 764 se
584 719 694 765 toto
733 715 891 765 corde
930 713 1124 765 faciem
1164 728 1320 764 suam
1383 712 1648 774 ostendet,
1696 711 2010 775 iisdemque
2052 725 2213 774 prae-

304 799 463 851 stabit
499 799 650 864 quod
688 800 934 865 cupiunt.
999 798 1247 850 Aliorum
1286 813 1433 863 vem,
1479 803 1598 848 tum
1635 796 1763 862 quia
1803 794 2207 861 praestantium

301 884 548 935 virorum
604 883 914 951 exemplum
972 883 1214 936 efficacia
1271 899 1370 935 sua
1433 898 1614 934 carere
1655 898 1766 933 non
1826 880 2046 946 poterit,
2091 884 2206 929 tum

304 970 467 1020 etiam
523 971 651 1036 quia
705 971 812 1032 isti,
856 985 964 1035 quo
1016 971 1227 1022 maiore
1284 967 1577 1035 diligentia
1623 974 1675 1019 et
1714 966 1903 1019 labore
1962 966 2214 1016 veritatis

304 1052 639 1105 beneficium
696 1054 802 1105 sibi
860 1059 1263 1120 compararunt,
1312 1068 1375 1104 eo
1417 1053 1748 1120 impensiore
1786 1052 1971 1104 studio
2009 1047 2216 1101 benefl-

305 1139 455 1189 cium
494 1140 640 1191 idem
679 1123 748 1191 ad
784 1145 994 1191 ceteros
1034 1140 1311 1206 porrigere
1350 1140 1614 1191 nitentur.
1680 1139 1822 1189 Dum
1862 1143 2050 1188 autem
2091 1134 2209 1186 fau-

302 1224 607 1276 stissimum
660 1225 812 1276 hunc
865 1240 1175 1276 successum
1233 1240 1264 1276 a
1321 1225 1512 1276 divina
1570 1224 1873 1275 clementia
1929 1222 2211 1290 poscimus

304 1310 473 1373 enixe,
518 1311 715 1378 excipe,
744 1310 1088 1362 Venerabilis
1114 1306 1317 1375 Frater,
1351 1309 1716 1376 Apostolicam
1749 1307 2211 1371 Benedictionem‚

304 1410 470 1461 quam
508 1397 731 1462 superni
780 1396 982 1448 favoris
1032 1396 1310 1461 auspicem
1350 1402 1405 1447 et
1443 1396 1803 1462 praecipuum
1861 1395 2083 1446 Nostrae
2122 1393 2215 1443 be-

304 1481 647 1533 nevolentiae
686 1482 886 1548 pignus
927 1483 1023 1534 tibi
1057 1483 1262 1548 totique
1303 1482 1542 1534 dioecesi
1573 1487 1697 1532 tuae
1724 1486 2071 1547 peramanter
2108 1479 2213 1529 im-

342 1566 586 1618 ertimur.

302 1584 337 1634 P
371 1655 568 1705 Datum
625 1653 826 1705 Romae
882 1655 1028 1720 apud
1083 1653 1134 1705 S.
1198 1653 1438 1716 Petrum,
1484 1653 1572 1704 die
1631 1653 1696 1703 30
1749 1653 1988 1704 octobris
2053 1650 2199 1702 1869.

298 1737 653 1790 Pontificatus
690 1740 866 1793 Nostri
907 1756 1054 1791 anno
1092 1738 1265 1791 XXIV.
1732 1738 1872 1789 PIUS
1911 1739 2002 1790 ΡΡ.
2047 1737 2130 1787 ΙΧ,

361 2050 456 2097 1)10
486 2051 662 2109 voglia
691 2051 785 2098 che
816 2063 879 2099 ve
910 2052 1118 2098 n'abbia
1147 2065 1221 2098 un
1251 2053 1391 2100 buon
1424 2065 1639 2101 numero
1668 2054 1762 2100 che
1792 2053 2094 2099 simettano
2111 2065 2201 2111 per

302 2126 483 2184 questa
514 2125 599 2172 via
628 2138 656 2172 0
686 2126 736 2172 la
767 2126 1071 2173 continuino
1101 2139 1197 2174 con
1228 2128 1402 2174 buona
1432 2128 1568 2174 fede!
1604 2127 1709 2175 Che
1755 2127 1832 2174 cio
1875 2140 1979 2173 non
2024 2138 2203 2174 avver-

302 2198 455 2246 rebbe
485 2211 638 2246 senza
668 2200 857 2258 grandi
889 2201 1147 2260 vantaggi
1179 2213 1206 2248 e
1237 2214 1326 2260 per
1355 2202 1462 2248 loro
1494 2215 1521 2248 e
1552 2215 1643 2260 per
1674 2202 1750 2260 gli
1781 2201 1921 2247 altri:
1976 2213 2066 2259 per
2111 2199 2208 2247 essi

302 2273 485 2333 prima,
517 2273 702 2332 perche
732 2274 827 2320 Dio
874 2275 1121 2322 mostrera
1151 2276 1185 2321 il
1219 2288 1311 2322 suo
1344 2276 1480 2323 volto
1512 2289 1542 2321 a
1574 2276 1728 2335 quelli
1777 2275 1869 2322 che
1916 2276 1964 2320 lo
2011 2274 2210 2322 0010110-

301 2358 466 2393 ranno
497 2360 593 2394 con
623 2347 823 2394 11111011
855 2361 1023 2407 cuore,
1058 2363 1085 2396 e
1115 2351 1189 2396 lor
1230 2350 1353 2396 dara
1401 2349 1478 2396 cio
1530 2363 1560 2394 a
1605 2349 1688 2396 cui
1736 2350 1981 2406 anelano;
2034 2348 2085 2393 di
2131 2347 2214 2405 poi

302 2420 466 2468 anche
495 2429 585 2479 per
616 2422 692 2480 gli
723 2423 858 2481 altri,
891 2423 1069 2481 poiche
1101 2437 1204 2471 non
1237 2426 1341 2471 solo
1371 2424 1631 2482 l'esempio
1663 2423 1714 2469 di
1767 2422 1962 2469 nomini
2009 2422 2208 2480 insigni

304 2507 409 2541 non
439 2495 681 2553 potrebbe
713 2510 951 2544 mancare
984 2499 1160 2545 d'aver
1192 2499 1241 2544 la
1271 2511 1365 2544 sua
1386 2499 1627 2557 efficacia,
1663 2511 1747 2543 ma
1793 2510 1980 2544 ancora
2026 2496 2211 2554 perche

305 2570 500 2628 quanto
531 2568 621 2628 piu
651 2571 818 2630 questi
848 2584 1079 2619 avranno
1110 2573 1338 2619 lavorato
1369 2586 1462 2620 con
1497 2574 1674 2619 ardore
1706 2572 1770 2617 ad
1807 2572 2034 2618 ottenere
2065 2571 2099 2615 il
2131 2570 2214 2616 be-

304 2643 486 2690 neflzio
517 2644 646 2691 della
685 2645 865 2705 verita,
913 2646 1059 2692 tanto
1103 2646 1195 2705 piu
1238 2642 1469 2695 avran'no
1515 2647 1569 2692 in
1617 2647 1822 2704 seguito
1871 2646 1921 2691 di
1970 2646 2073 2691 zelo
2120 2657 2209 2702 per

299 2716 550 2764 isforzarsi
579 2730 611 2764 a
642 2720 965 2766 comunicare
997 2720 1104 2777 agli
1136 2720 1254 2766 altri
1286 2722 1465 2780 questo
1497 2720 1772 2768 medesimo
1813 2719 2119 2777 vantaggio.

362 2791 654 2839 Invocando
683 2793 1084 2841 instantemente
1106 2794 1188 2840 dal
1210 2795 1303 2840 Dio
1326 2795 1376 2840 di
1399 2793 1744 2841 misericordia
1766 2795 1945 2853 questo
1976 2793 2116 2839 felice
2149 2792 2217 2838 ri-

303 2864 509 2924 01111010,
541 2866 635 2914 Νο1
665 2867 717 2913 vi
749 2867 935 2927 diamo,
969 2868 1268 2916 Venerabile
1299 2869 1534 2928 Fratell0,
1567 2870 1618 2914 la
1647 2867 1976 2915 benedizione
2018 2867 2214 2924 aposto-

302 2939 418 2998 lica,
451 2951 591 2987 come
620 2953 793 2999 pegno
824 2941 903 2988 del
934 2941 1107 2990 favore
1139 2942 1520 2990 dell'Altissimo
1551 2956 1579 2990 e
1619 2943 1751 2989 della
1798 2942 1979 2989 Nostra
2026 2942 2214 2999 specia-

218 3043 226 3048 -
303 3012 496 3059 lissima
527 3014 768 3062 affezione
798 3027 889 3073 per
919 3016 1002 3063 voi
1032 3028 1060 3064 0
1090 3029 1181 3075 per
1204 3017 1344 3063 tutta
1373 3018 1424 3062 la
1455 3017 1628 3064 vostra
1649 3017 1851 3063 diocesi.

362 3087 491 3133 Dato
522 3099 552 3132 a
583 3089 741 3134 Roma
769 3101 941 3147 presso
971 3089 1077 3136 San
1115 3091 1299 3150 pietro,
1348 3091 1383 3136 11
1430 3091 1490 3137 30
1539 3090 1736 3137 ottobre
1784 3090 1919 3148 1869,
1968 3090 2004 3135 11
2048 3088 2211 3135 venti-

303 3160 636 3220 quattresimo
664 3174 803 3209 anno
834 3162 1123 3231 del-Nostro
1153 3165 1471 3212 PontificatO.
1729 3165 1823 3212 Ρ10
1854 3165 2004 3219 PAPA
2036 3163 2125 3208 IX.
