2488 4290
2095 312 2157 363 55

253 451 465 501 coetum
490 433 611 497 eius
637 440 966 510 patrociniO,
1011 437 1170 491 cuius
1196 432 1323 504 pedi
1347 450 1379 487 a
1405 446 1594 486 rerum
1632 428 1847 483 exordio
1876 425 2150 493 serpentis

251 538 418 599 caput
453 532 760 584 subiectum
787 527 912 591 fuit,
958 539 1206 592 quaeque
1228 522 1426 574 deinde
1453 520 1730 572 universas
1762 516 2015 568 haereses
2041 510 2155 564 sola

251 619 535 673 interemit.
567 614 907 668 Satisfacturi
934 618 1219 679 propterea
1245 608 1531 661 communi
1558 603 1825 656 desiderio
1862 602 1974 652 iam
2001 614 2151 653 nunc

252 705 602 767 nunciamuS,
642 701 895 752 futurum
931 698 1395 765 quandocumque
1424 691 1734 744 Concilium
1769 691 1870 741 sub
1897 685 2153 752 auspiciis

253 788 511 855 Deiparae
549 786 791 852 Virginis
828 786 894 836 ab
933 784 1087 836 omni
1112 780 1231 834 labe
1259 779 1525 832 immunis
1548 792 1658 830 esse
1686 772 2148 836 constituendum,

254 882 307 926 et
343 890 406 927 eo
445 873 806 941 aperiendum
845 871 932 922 die
955 910 970 935 ,
1036 884 1146 936 quo
1210 867 1447 932 insignis
1508 865 1679 916 huius
1730 859 2013 929 privilegii
2051 857 2154 924 ipsi

255 958 436 1013 collati
498 959 765 1010 memoria
824 955 1098 1008 recolitur.
1166 954 1312 1005 Faxit
1372 953 1544 1014 Deus,
1607 948 1741 1000 faxit
1795 942 2153 996 Immaculata

254 1046 454 1110 virgo,
515 1051 576 1095 ut
632 1042 1002 1110 amplissimos
1058 1056 1086 1091 e
1124 1039 1488 1093 saluberrimo
1526 1038 1626 1087 isto
1665 1032 1895 1086 consilio
1934 1030 2150 1081 fructus

255 1132 530 1198 percipere
564 1128 855 1182 valeamus.
900 1128 1125 1179 Interim
1178 1141 1304 1177 vero
1363 1124 1481 1190 lpsa
1517 1120 1859 1173 validissimo
1896 1115 2152 1180 suffragio

255 1232 356 1268 suo
394 1216 766 1282 praesentibus
804 1214 1162 1265 necessariam
1193 1211 1467 1263 adiunctis
1495 1224 1652 1276 opem
1677 1206 1844 1259 Nobis
1876 1201 2150 1269 imploret,

254 1304 503 1367 Deusque
542 1302 662 1352 eius
699 1300 948 1366 precibus
1006 1302 1254 1349 exoratus
1309 1295 1715 1348 misericordiae
1755 1305 1886 1344 suae
1935 1288 2157 1340 divitias

255 1389 312 1440 in
350 1386 456 1440 Nos
494 1386 913 1450 universamque
954 1382 1253 1434 Ecclesiam
1280 1382 1541 1434 effundat.
1577 1382 1680 1434 Nos
1717 1386 1858 1432 certe
1895 1375 2158 1429 amantis-

251 1475 383 1527 simi
420 1472 828 1538 gratissimique
868 1471 1042 1522 animi
1081 1485 1247 1521 sensu
1284 1485 1398 1521 non
1439 1467 1812 1532 extinguendo
1853 1460 2151 1531 compulsi,

253 1560 409 1610 enixe
446 1557 601 1608 vobis
638 1556 998 1623 adprecamur
1057 1572 1088 1607 a
1142 1556 1251 1607 Deo
1291 1555 1569 1622 quidquid
1632 1551 1911 1620 spirituali
1948 1547 2156 1601 emolu-

251 1650 436 1695 mento
474 1649 652 1694 vestro
675 1684 688 1705 ,
758 1641 1030 1708 quidquid
1092 1640 1340 1707 plebium
1376 1642 1531 1693 vohis
1571 1641 1993 1692 commissarum
2032 1650 2158 1703 pro-

248 1729 448 1793 vectui,
488 1728 759 1795 quidquid
796 1726 1086 1792 religionis
1126 1734 1178 1779 et
1215 1728 1461 1778 iustitiae
1501 1725 1723 1791 tutelae,
1764 1723 2038 1790 quidquid
2078 1721 2157 1772 ci-

250 1813 378 1866 vilis
413 1801 685 1867 societatis
747 1811 1137 1878 tranquillitati
1175 1814 1519 1865 benevertere
1558 1812 1742 1878 possit.
1790 1814 1850 1862 Et
1888 1808 2155 1875 quoniam

249 1898 457 1966 aliquot
492 1914 520 1950 e
557 1900 715 1951 vohis
754 1915 785 1951 a
824 1899 1194 1965 peculiaribus
1233 1896 1569 1966 populorum
1597 1912 1827 1949 suorum
1862 1894 2153 1947 necessita-

252 1986 401 2041 tibus
438 1992 687 2052 coactOS,
743 1986 907 2038 citius
946 2002 976 2038 a
1013 1987 1173 2038 nobis
1212 1986 1550 2038 discessuros
1590 1999 1702 2036 esse
1741 1982 2147 2050 comperimus;

251 2251 381 2299 sotto
409 2250 446 2298 il
477 2252 560 2299 cui
590 2249 735 2310 piede
764 2250 838 2296 flu
870 2250 952 2296 dal
984 2248 1232 2308 principio
1266 2248 1391 2297 delle
1423 2261 1535 2296 cose
1567 2248 1625 2294 fu
1655 2248 1798 2307 posto
1833 2244 1869 2294 il
1910 2261 2034 2308 capo
2073 2249 2152 2296 del

250 2327 482 2386 serpente
500 2362 513 2387 ‚
547 2327 598 2373 di
629 2325 765 2372 Colei
784 2359 798 2384 ,
832 2324 924 2373 che
955 2326 1060 2371 sola
1107 2324 1242 2382 dipoi
1289 2323 1531 2372 stermino
1572 2324 1706 2371 tutte
1752 2325 1799 2372 le
1846 2324 2018 2372 eresie.
2054 2325 2146 2371 Per

251 2401 527 2448 soddisfare
558 2400 794 2459 pertanto
826 2400 873 2445 al
905 2411 1091 2446 comun
1123 2399 1386 2458 desideriO,
1419 2399 1491 2444 fin
1523 2399 1665 2446 d’ora
1695 2399 2040 2445 annunciamo
2062 2398 2155 2445 che

249 2475 286 2520 il
316 2474 556 2534 Concilio,
591 2474 656 2520 da
686 2473 952 2521 celebrarsi
984 2473 1189 2533 quando
1235 2474 1328 2521 che
1376 2474 1451 2519 sia
1471 2507 1484 2532 ,
1520 2474 1682 2520 debba
1713 2473 1987 2521 costituirsi
2023 2473 2154 2520 sotto

252 2549 330 2609 gli
360 2548 572 2608 auspicii
604 2549 734 2596 della
764 2548 934 2595 Madre
967 2549 1018 2594 di
1048 2549 1141 2594 Dio
1172 2548 1397 2607 Vergine
1430 2549 1774 2609 Immacolata,
1809 2549 1871 2595 ed
1903 2548 2084 2607 aprirsi
2103 2549 2152 2595 10

249 2623 404 2671 stesso
450 2623 633 2682 giorno
680 2623 735 2669 in
782 2624 869 2670 cui
912 2623 1241 2671 rinnovellasi
1286 2623 1336 2670 13
1366 2624 1613 2670 memoria
1646 2624 1697 2670 di
1729 2624 1905 2683 questo
1945 2623 2154 2682 insigne

250 2697 523 2764 privilegio
553 2710 584 2744 a
612 2698 678 2745 lei
709 2697 968 2745 conferit0.
1003 2697 1184 2745 Faccia
1216 2697 1375 2757 Iddio,
1408 2698 1569 2745 faccia
1600 2699 1650 2744 13
1681 2699 2009 2746 Immacolata
2036 2699 2155 2744 Ver-

250 2771 375 2828 gine
405 2771 497 2819 che
530 2772 595 2819 da
624 2772 804 2831 questo
837 2772 1166 2820 saluberrimo
1186 2773 1441 2830 proposito
1462 2772 1555 2819 Noi
1576 2773 1826 2831 possiamo
1847 2773 2155 2831 raccogliere

250 2845 545 2904 amplissimi
595 2846 760 2893 frutti.
815 2847 924 2893 Ella
972 2846 1222 2894 frattanto
1274 2849 1351 2894 col
1402 2859 1494 2894 suo
1546 2848 1855 2894 validissimo
1906 2847 2155 2906 suffragio

248 2918 447 2978 implori
467 2931 498 2965 3
518 2920 610 2967 Noi
631 2921 762 2968 nelle
782 2922 1006 2979 presenti
1028 2922 1312 2968 condizioni
1332 2922 1369 2968 il
1390 2923 1673 2970 necessario
1694 2934 1938 2982 soccorsO,
1962 2936 1989 2970 e
2011 2923 2153 2970 Iddio

250 2993 379 3040 dalle
409 2994 679 3054 preghiere
711 2995 762 3041 di
792 2995 858 3042 lei
888 2995 1173 3055 supplicato
1205 2996 1430 3043 diffonda
1460 3009 1608 3055 sopra
1639 2998 1732 3045 Noi
1753 3010 1780 3044 e
1801 2997 1938 3044 tutta
1959 2997 2154 3056 quanta

247 3067 298 3113 13
328 3067 507 3116 Chiesa
535 3069 553 3114 i
585 3069 738 3116 tesori
771 3069 901 3116 della
930 3081 1024 3116 sua
1053 3070 1412 3118 misericordia.
1448 3072 1541 3118 Noi
1572 3084 1662 3130 per
1693 3073 1846 3131 cert0,
1866 3072 2065 3119 incitati
2088 3072 2152 3118 da

246 3140 636 3201 inestinguibile
667 3142 974 3190 sentimento
1005 3144 1056 3191 di
1086 3145 1436 3193 amantissimo
1469 3157 1495 3192 e
1527 3147 1821 3204 gratissimo
1843 3147 2031 3206 animo,
2056 3146 2153 3192 cal-

249 3215 628 3264 dissimamente
659 3216 962 3276 preghiamo
992 3230 1082 3277 per
1114 3220 1198 3266 voi
1231 3219 1296 3266 da
1325 3220 1418 3266 Dio
1450 3221 1644 3280 quanto
1685 3220 1787 3279 puo
1818 3221 2062 3268 conferire
2103 3221 2152 3266 31

233 3291 417 3351 ,vostro
448 3291 709 3351 spirituale
740 3293 1049 3354 vantagg10‚
1082 3294 1130 3339 al
1162 3294 1366 3352 profltto
1398 3295 1478 3342 dei
1510 3296 1655 3343 fedeli
1686 3308 1716 3342 a
1749 3296 1832 3343 voi
1870 3296 2148 3354 commessi,

248 3365 346 3411 alla
373 3365 536 3413 tutela
566 3365 696 3413 della
727 3366 977 3426 religione
1009 3380 1036 3414 e
1068 3368 1198 3415 della
1230 3368 1488 3429 giustizia‚
1522 3370 1622 3417 alla
1653 3369 1822 3429 quiete
1854 3370 1983 3418 della
2004 3369 2150 3417 civile

246 3439 447 3487 sociata.
480 3441 537 3499 E,
568 3440 746 3500 poiche
775 3442 1036 3500 sappiamo
1069 3441 1162 3490 che
1192 3444 1365 3491 alcuni
1397 3444 1449 3490 di
1484 3445 1593 3504 voi,
1635 3445 1864 3493 costretti
1898 3445 1978 3492 da’
2002 3456 2151 3503 pecu-

246 3512 359 3561 liari
387 3514 595 3574 bisogni
628 3515 708 3563 de'
730 3516 837 3563 loro
866 3517 1052 3577 popoli‚
1086 3517 1388 3576 partiranno
1418 3516 1510 3578 piu
1540 3519 1936 3567 sollecitamente
1957 3519 2022 3565 da
2042 3518 2151 3577 Noi‚

247 3600 280 3635 a
307 3588 490 3650 questi,
511 3600 566 3639 se
594 3589 640 3639 le
670 3590 915 3650 angustie
946 3590 1026 3640 del
1047 3591 1218 3652 tempo
1241 3605 1345 3642 non
1368 3593 1414 3640 ci
1436 3584 1853 3653 permetteranno
1874 3593 1925 3641 di
1945 3593 2151 3641 abbrac-
