2488 4290
1975 338 2062 384 185

215 443 468 503 Quoniam
515 443 690 490 autem
738 453 805 489 ex
846 443 1168 502 Gregoriana
1215 441 1591 490 Constitutione
1639 442 1704 487 ad
1751 443 1923 489 actum
1975 443 2070 488 ele-

158 519 356 579 ctionis,
389 517 483 565 sub
532 529 696 576 poena
743 517 1012 577 nullitatis,
1061 517 1299 566 devenire
1342 530 1446 563 non
1492 516 1707 576 possunt
1739 516 1926 575 patreS,
1973 516 2073 563 nisi

158 598 328 645 clauso
359 592 619 641 conclavi:
654 593 758 640 tres
790 593 1074 640 cardinales
1107 594 1158 640 et
1189 592 1515 650 camerariuS,
1549 592 1774 639 eiusdem
1816 590 2072 638 Constitu-

157 669 312 718 tionis
343 669 682 728 exequutores
715 666 962 727 deputati,
997 666 1357 726 providebunt,
1392 667 1468 726 ut,
1502 666 1675 713 statim
1697 665 1812 724 post
1842 666 2075 712 clausum

161 744 416 802 conclave,
450 741 672 800 diligens
703 753 792 799 per
824 741 1020 809 aliquos
1051 741 1142 788 fiat
1172 741 1439 802 inquisitio
1472 753 1624 800 super
1663 741 1772 799 ipsa
1819 741 2073 798 clausura,

161 830 321 878 eaque
350 817 406 863 in
438 816 621 863 effectu
643 815 862 875 reperta,
899 816 1176 874 curabunt,
1210 817 1271 863 ut
1303 817 1364 863 de
1395 828 1456 863 ea
1486 815 1784 875 pubblicum
1815 814 1907 862 fiat
1929 815 2079 861 docu-

160 891 395 940 mentum
424 903 514 950 per
545 890 858 949 magistrum
891 891 1330 938 caeremoniarum
1361 891 1674 950 rogandum,
1699 890 1749 937 et
1771 889 1884 948 post
1905 889 2078 936 huius-

161 965 296 1013 modi
331 964 715 1024 documentum,
751 964 906 1014 etiam
938 965 982 1011 si
1013 966 1256 1012 conclave
1288 966 1342 1012 in
1372 966 1558 1024 totum,
1593 966 1674 1012 vel
1704 977 1796 1023 pro
1829 965 1990 1024 parte,
2016 964 2076 1010 de

161 1040 295 1087 facto
327 1038 567 1098 apertum
597 1038 756 1085 fuisse
797 1038 1098 1098 reperiatur,
1147 1052 1345 1098 semper
1388 1040 1562 1087 tamen
1607 1041 1854 1098 clausum,
1898 1038 1948 1086 et
1991 1052 2082 1097 pro

163 1117 333 1164 clauso
364 1113 559 1161 censeri
592 1112 643 1160 et
681 1113 857 1160 haberi
888 1113 1036 1161 debet
1082 1115 1147 1160 ad
1180 1114 1431 1162 effectum
1470 1114 1751 1161 validitatis
1798 1114 2077 1172 electionis,

165 1189 324 1236 donec
356 1188 416 1234 de
448 1199 703 1235 consensu
733 1188 955 1234 duarum
986 1188 1213 1246 partium
1246 1188 1587 1236 cardinalium
1618 1188 1967 1247 praesentium
1995 1202 2083 1247 per

165 1263 358 1312 secreta
388 1261 641 1321 suffragia
672 1263 908 1321 apertum
940 1274 1046 1309 esse
1080 1262 1382 1310 declaretur.
1418 1265 1555 1310 Haec
1586 1263 1759 1310 tamen
1793 1263 2082 1321 declaratiO,

165 1337 415 1397 electioni,
430 1348 561 1396 quae
577 1337 696 1383 ante
713 1337 878 1395 ipsam
893 1336 1028 1384 facta
1045 1337 1218 1396 fuerit,
1233 1338 1530 1385 nullatenus
1549 1339 1896 1398 praeiudicare
1915 1338 2081 1396 debet,

168 1425 334 1473 neque
356 1411 418 1459 ob
449 1411 612 1469 ipsam
634 1411 1028 1459 declarationem
1050 1412 1359 1471 praecedens
1380 1413 1592 1460 electio
1579 1413 1880 1472 1mpugnari
1901 1413 2082 1471 potest.

227 1489 375 1535 Mane
406 1486 640 1546 sequenti
682 1486 796 1545 post
837 1488 1068 1534 clausum
1110 1487 1436 1563 praecedenti
1475 1489 1624 1535 nocte
1667 1489 1925 1546 conclave,
1972 1489 2085 1546 post

170 1563 376 1612 solitum
419 1562 755 1619 campanulae
803 1573 1005 1620 sonum,
1055 1546 1375 1609 conveniunt
1420 1562 1703 1610 cardinales
1744 1563 1797 1607 in
1842 1576 1899 1609 eo
1947 1575 2088 1620 prae-

171 1638 356 1696 senteS,
391 1635 481 1696 qui
510 1634 809 1683 infirmitate
841 1649 945 1683 non
978 1637 1101 1683 sunt
1132 1636 1382 1695 impediti,
1407 1638 1471 1682 ad
1493 1639 1774 1696 cappellam
1796 1637 2085 1695 Paulinam,

172 1713 224 1759 et
252 1711 323 1759 ibi
353 1710 604 1758 celebrata
635 1709 880 1757 consueta
911 1712 1084 1770 missa,
1110 1711 1162 1758 et
1192 1710 1328 1757 facta
1349 1712 1687 1758 cardinalium
1708 1711 2087 1769 communione,

174 1786 347 1835 statim
388 1785 453 1831 ad
498 1784 768 1845 negotium
820 1785 1080 1832 electionis
1129 1785 1400 1844 procedere
1440 1786 1642 1844 debent,
1693 1787 1828 1845 quod
1885 1786 2091 1845 quidem

173 1861 341 1920 hodie,
359 1873 424 1907 ex
441 1859 678 1918 Gregorii
723 1859 1117 1918 Constitutione,
1153 1873 1258 1906 uno
1290 1859 1496 1928 tantum
1523 1874 1588 1907 ex
1611 1861 1776 1907 tribus
1799 1861 1960 1907 modis
1985 1860 2091 1908 sive

175 1934 347 1982 formis
375 1934 730 1992 peragendum
761 1933 853 1993 est,
891 1934 1118 1993 alioquin
1149 1933 1325 1981 electio
1356 1935 1765 1982 nullitatisvitio
1797 1936 2041 1983 subiacet.

238 2008 436 2055 Primus
466 2007 646 2055 modus
677 2007 770 2066 est,
804 2007 893 2067 qui
916 2008 1062 2067 quasi
1084 2020 1174 2066 per
1196 2008 1587 2066 inspirationem
1607 2010 1850 2056 vocatur:
1887 2011 2093 2070 quando

178 2082 370 2130 scilicet>
417 2094 593 2129 omnes
632 2082 929 2141 cardinaleS‚
975 2082 1122 2141 quasi
1163 2081 1325 2128 afflati
1369 2081 1565 2141 Spiritu
1607 2082 1814 2142 Sancte,
1870 2084 2094 2144 aliquem

178 2156 491 2204 unanimiter
521 2156 572 2203 et
602 2156 722 2203 viva
755 2169 876 2203 voce
918 2156 1189 2203 Summum
1230 2156 1527 2204 Pontificem
1571 2158 1923 2216 proclamant:
1958 2159 2093 2206 circa

178 2244 331 2293 quem
375 2231 582 2278 modum
644 2243 709 2278 ex
755 2230 1131 2278 Constitutione
1178 2230 1500 2289 Gregoriana
1539 2231 1868 2291 infrascripta
1928 2233 2092 2280 notari

183 2305 425 2366 possunt:

242 2380 484 2439 Pl·imum,
517 2379 643 2426 haec
673 2379 834 2426 forma
864 2378 1127 2427 electionis
1159 2380 1431 2438 practicari
1481 2380 1646 2439 potest
1690 2382 1852 2430 solum
1885 2382 1939 2430 in
1983 2396 2098 2429 con-

184 2454 314 2503 clavi
345 2456 396 2502 et
426 2467 484 2502 eo
524 2455 726 2501 clauso:
773 2454 997 2501 secundo
1014 2488 1028 2513 ,
1078 2453 1227 2500 debet
1264 2454 1372 2500 fieri
1421 2455 1597 2502 electio
1644 2439 1926 2504 secundum
1964 2457 2100 2505 hanc

182 2529 395 2575 formam
427 2527 490 2574 ab
522 2527 759 2574 omnibus
791 2527 840 2574 et
872 2527 1104 2586 singulis
1135 2527 1481 2575 cardinalibus
1513 2529 1567 2574 in
1601 2530 1830 2576 conclavi
1863 2543 2097 2589 praesen-

183 2602 351 2649 tibus:
385 2601 553 2661 tertio,
587 2601 926 2648 communiter
958 2601 1009 2648 et
1042 2599 1249 2648 nemine
1283 2615 1460 2649 eorum
1493 2602 1851 2651 dissentiente:
1897 2606 2098 2665 quarto,

186 2677 326 2722 nullo
356 2675 687 2734 praecedente
719 2675 781 2721 de
812 2687 1030 2733 persona
1061 2675 1307 2733 tractatu,
1342 2676 1392 2723 et
1425 2689 1513 2734 per
1547 2677 1762 2725 verbum
1800 2678 1923 2738 eliae
1954 2679 2101 2726 intel-

185 2749 371 2808 ligibili
402 2762 524 2796 voce
554 2749 811 2807 prolatum
842 2748 933 2795 aut
964 2749 1154 2808 scripto
1187 2762 1518 2809 expressum,
1569 2750 1610 2798 si
1655 2764 1776 2799 voce
1810 2766 1913 2798 non
1945 2754 2102 2820 possit

187 2822 414 2884 proferri.
450 2823 754 2882 Exemplum
785 2822 956 2870 autem
977 2822 1133 2870 huius
1163 2823 1330 2882 potest
1364 2836 1470 2871 esse
1491 2825 1813 2873 huiusmodi:
1849 2827 1890 2873 si
1921 2828 2106 2888 aliquis

188 2899 410 2959 patrum,
443 2899 614 2946 clauso
658 2898 905 2956 conclavi,
952 2898 1112 2957 null0,
1159 2898 1219 2945 ut
1258 2899 1576 2959 praefertur,
1620 2902 1954 2960 praecedente
1996 2915 2105 2962 spe-

189 2975 303 3023 ciali
332 2972 574 3032 tractam,
609 2971 825 3020 diceret:
860 2972 1263 3021 reverendissimi
1294 2973 1510 3034 domini,
1549 2976 1809 3036 perspecta
1852 2977 2105 3038 sinqulari

188 3048 377 3097 virtute
405 3048 451 3094 et
484 3046 732 3106 probitate
773 3047 832 3095 R.
877 3047 939 3093 D.
986 3048 1068 3107 N.‚
1113 3046 1340 3095 iudicare
1385 3048 1536 3096 illum
1578 3050 1858 3111 eliqendum
1909 3062 2009 3100 esse
2053 3052 2107 3098 in

190 3134 437 3172 summum
466 3121 767 3181 Pontificem,
800 3121 847 3168 et
877 3131 939 3167 eze
970 3132 1098 3168 mmo
1128 3132 1210 3182 eqo
1243 3121 1409 3182 ipsum
1439 3123 1565 3183 eliqo
1589 3124 1642 3172 in
1672 3125 1881 3185 Papam,-
1905 3127 2105 3184 deinde,

191 3198 288 3244 hoc
317 3196 508 3254 audit0‚
541 3195 584 3242 si
617 3195 769 3242 ceteri
801 3195 989 3255 patres,
1025 3195 1229 3243 nemine
1261 3197 1493 3256 exceptO,
1530 3200 1800 3259 sequentes
1823 3201 1973 3260 primi
1997 3213 2109 3247 sen-

193 3270 426 3329 tentiam,
458 3270 631 3317 eodem
666 3270 819 3316 verbo
849 3270 973 3330 eligo
1004 3270 1318 3330 intelligibili
1354 3285 1476 3319 voce
1507 3274 1702 3331 prolato
1725 3310 1737 3334 ,
1782 3275 1873 3321 aut
1916 3275 1958 3321 si
2003 3288 2106 3321 non

195 3345 377 3404 potest,
408 3344 462 3389 in
495 3344 695 3402 scriptis
736 3356 992 3403 express0,
1042 3345 1275 3394 eumdem
1307 3347 1389 3405 N.,
1425 3346 1486 3393 de
1518 3360 1619 3406 quo
1659 3348 1830 3395 nullus
1878 3349 2108 3407 specialis

196 3419 444 3466 tractatus
474 3418 763 3477 praecessit,
797 3419 1134 3466 communiter
1164 3420 1434 3479 eligerent,
1468 3420 1576 3479 ipse
1607 3423 1665 3469 N.
1701 3424 1831 3469 esset
1865 3423 2107 3470 canonice

199 3493 385 3542 electus
414 3493 466 3540 et
495 3505 647 3540 verus
692 3493 844 3552 Papa,
889 3494 1172 3546 secundum
1213 3494 1347 3548 hanc
1397 3494 1655 3550 electionis
1698 3497 1928 3556 formam,
1978 3510 2106 3555 quae

200 3569 383 3631 dicitur
415 3580 504 3628 per
535 3567 939 3627 inspirationem.
