2488 4290
2004 298 2096 348 2⁴8

189 414 344 476 rupti,
390 412 445 460 in
491 409 672 459 melius
716 406 1133 467 reformarentur,
1178 405 1230 453 et
1259 403 1596 452 catharorum
1626 402 1847 451 haeresis
1878 403 2006 452 tunc
2035 403 2087 450 in

189 487 423 550 apertum
452 497 789 546 prorumpens
820 482 1150 533 coerceretur.

247 562 377 611 Acta
405 561 560 608 huius
590 559 803 608 Concilii
833 571 939 606 non
971 557 1265 617 supersunt.

246 635 599 684 Interfuerunt
643 634 886 681 Summus
933 631 1184 691 Pontifex,
1234 629 1324 692 qui
1367 629 1475 690 ipse
1523 627 1859 689 praesidebat,
1902 639 1961 678 ac
2000 629 2092 678 300

192 709 425 772 Episcopi
457 709 509 757 et
538 708 772 768 amplius,

247 783 462 833 Habitae
493 784 617 831 sunt
643 784 749 831 tres
779 783 1067 841 Sessiones3
1113 782 1164 829 et
1206 779 1413 828 duravit
1458 779 1743 828 Concilium
1787 778 1943 840 istud,
1976 790 2092 829 con-

188 860 470 921 gregatum
515 858 572 905 in
617 858 786 906 media
830 856 1251 917 Quadragesima,
1299 868 1389 915 per
1420 854 1478 902 15
1510 854 1634 914 dieS‚
1680 866 1863 913 nempe
1894 866 1925 902 a
1956 853 2036 902 die
2064 854 2095 903 5

187 934 361 983 martii
390 944 551 994 usque
581 933 648 980 ad
679 932 813 981 diem
845 933 902 979 19
933 931 1160 980 eiusdem
1189 930 1396 979 mensis.

247 1009 309 1056 In
338 1008 434 1056 hoc
465 1006 689 1055 Concilio
720 1004 963 1054 Summus
992 1005 1228 1053 Pontifex
1248 1004 1310 1054 27
1330 1004 1567 1064 Capitula
1597 1003 1909 1064 generaliter
1929 1004 2095 1054 obser·

186 1083 357 1132 vanda
386 1081 668 1141 constituit,
701 1093 791 1140 per
823 1092 953 1141 quae
982 1079 1247 1139 provisum
1278 1078 1357 1126 est
1388 1079 1449 1126 de
1474 1078 1669 1127 meliori
1701 1078 1862 1127 forma
1893 1078 2090 1128 electio·

187 1158 270 1206 nis
299 1157 497 1205 Summi
526 1156 805 1216 Pontificis,
839 1156 1001 1216 deque
1031 1154 1268 1202 tollendis
1299 1165 1359 1202 ac
1393 1152 1728 1202 emendandis
1771 1153 1938 1214 malis,
1970 1155 2095 1202 tem·

187 1244 307 1294 pore
351 1231 638 1280 schismatis
677 1230 733 1277 in
778 1229 1001 1278 Ecclesia
1045 1228 1254 1288 exortiS,
1302 1228 1363 1276 de
1408 1227 1745 1287 reprimendis
1795 1227 2091 1290 haereticis;

187 1308 311 1356 item
331 1306 392 1355 de
413 1306 656 1354 electione
675 1304 1055 1364 Episcoporum,
1080 1303 1141 1350 de
1170 1303 1281 1351 iure
1311 1302 1635 1364 patronatus,
1659 1303 1720 1351 de
1749 1302 2090 1351 instructione

187 1380 390 1442 publica
433 1392 523 1439 per
569 1379 857 1428 maternam
902 1377 1152 1425 Ecclesiae
1197 1375 1592 1425 sollicitudinem
1637 1376 1999 1438 promovenda,
2032 1389 2092 1426 ac

43 1424 45 1427 V
94 1446 105 1452 ’
187 1455 483 1524 praesertim
513 1455 573 1504 ut
602 1454 853 1505 scholares
882 1463 1131 1516 pauperes
1161 1451 1328 1513 gratis
1359 1452 1682 1513 docerentur,
1716 1451 1811 1501 etc.

650 1630 1127 1694 OECUMENICUM
1166 1628 1632 1691 DUODECIMUM.

729 1763 731 1766 ⁴
831 1781 1301 1829 [iateranense
1343 1780 1447 1828 lv.

157 1917 162 1919 “
250 1902 539 1953 Concilium
584 1901 926 1950 Lateranense
971 1900 1039 1946 IV
1083 1898 1318 1947 habitum
1364 1898 1442 1946 est
1486 1910 1532 1945 a.
1585 1895 1720 1952 1215,
1767 1896 1862 1944 sub
1906 1907 2100 1957 magno

191 1978 434 2027 Pontiflce
463 1976 763 2024 Innocentio
794 1976 886 2036 III,
909 1975 976 2022 ad
1004 1974 1415 2022 reformationem
1436 1972 1743 2020 universalis
1774 1972 2025 2021 Ecclesiae
2044 1972 2096 2021 61

193 2054 258 2101 ad
287 2051 725 2112 recuperationem
756 2051 936 2098 Terrae
968 2048 1202 2108 Sanctae,
1260 2065 1281 2090 «
1309 2048 1367 2094 in
1399 2060 1501 2107 quo
1526 2045 1690 2107 (aiunt
1719 2045 1941 2094 Litterae
1982 2059 2099 2094 con-

190 2127 475 2176 vocatoriae
519 2126 613 2172 ΡΡ.
647 2125 937 2173 Innocentii
967 2123 1059 2185 III)
1108 2124 1173 2171 ad
1205 2121 1514 2185 extirpanda
1545 2122 1672 2170 vitia
1702 2122 1754 2170 et
1783 2121 2093 2180 plantandas

190 2202 424 2262 virtuteS,
456 2200 787 2260 corrigendos
817 2211 1058 2248 excessus
1089 2199 1141 2246 et
1171 2196 1517 2246 reformandos
1546 2208 1728 2256 mores,
1762 2196 2100 2245 eliminandas

187 2277 437 2337 haeresseS,
454 2276 519 2323 ad
538 2275 877 2324 roborandam
897 2275 1068 2333 fidem,
1085 2273 1354 2332 sopiendas
1374 2271 1650 2319 discordias
1670 2271 1722 2319 et
1741 2271 2099 2320 stabiliendam

187 2364 383 2413 pacem,
417 2350 820 2410 comprimendas
851 2348 1202 2408 oppressiones
1231 2347 1283 2395 et
1311 2346 1598 2394 libertatem
1627 2346 1916 2406 fovendam,
1949 2346 2100 2393 indu-

189 2427 373 2476 cendos
391 2425 718 2486 principeset
737 2425 949 2484 populos
970 2422 1274 2471 christianos
1305 2423 1370 2469 ad
1401 2432 1700 2469 succursum
1732 2420 1784 2468 et
1814 2419 2100 2468 subsidium

189 2502 367 2550 Terrae
397 2500 613 2548 Sanctae
643 2499 751 2548 tam
782 2511 813 2546 a
843 2498 1053 2558 clericiS,
1078 2509 1234 2558 quam
1266 2510 1297 2544 a
1325 2496 1467 2544 laicis
1496 2495 1954 2555 impendendum...
1987 2507 2102 2554 pro-

187 2575 305 2624 vide
332 2575 628 2624 statuantur
648 2574 1010 2622 inviolabiliter
1042 2572 1379 2621 observanda.
1415 2571 1561 2619 Circa
1581 2570 1838 2618 Praelatos
1859 2568 1910 2618 et
1929 2569 2100 2618 subdi-

188 2651 284 2711 tos,
329 2652 595 2710 regulares
637 2649 688 2698 et
733 2650 1016 2698 saeculares
1062 2659 1414 2709 quaecumque
1446 2647 1507 2708 de
1539 2645 1703 2705 ipsius
1734 2644 2099 2704 approbatione

190 2724 401 2773 Concilii
432 2724 546 2772 visa
574 2724 769 2773 fuerint
799 2723 1040 2783 expedire
1070 2723 1136 2770 ad
1163 2722 1370 2770 laudem
1399 2721 1451 2770 et
1481 2720 1702 2780 gloriam
1732 2719 1957 2768 nominis
1987 2720 2095 2779 Dei,

187 2800 470 2848 remedium
499 2799 551 2847 et
581 2800 798 2847 salutem
828 2799 1120 2846 animarum
1152 2796 1462 2857 nostrarum,
1487 2808 1548 2844 ac
1566 2795 1851 2856 profectum
1881 2794 1934 2843 et
1963 2794 2098 2843 utili-

189 2875 351 2924 tatem
379 2875 555 2935 populi
585 2874 882 2923 Christiani.
915 2892 938 2918 »

168 3009 170 3011 .
250 2950 381 2999 Acta
408 2950 565 2998 huius
595 2949 809 2998 Concilii
839 2962 945 2997 non
976 2950 1175 2998 extant.

250 3024 534 3074 Interfuere
581 3024 823 3072 Summus
853 3025 1108 3086 Pontifex,
1141 3024 1231 3086 qui
1259 3024 1367 3084 ipse
1409 3023 1746 3083 praesidebat,
1781 3034 1842 3070 ac
1873 3021 1962 3071 412
1992 3021 2106 3081 Epi-

192 3099 346 3160 scopi,
378 3099 600 3147 Abbates
644 3099 696 3147 et
738 3099 934 3147 Priores
963 3099 1101 3148 ultra
1131 3100 1238 3160 800,
1272 3102 1324 3147 61
1353 3099 1544 3158 ingens
1573 3098 1850 3145 multitudo
1883 3097 2098 3157 Legato-

192 3187 326 3234 rmn,
360 3173 604 3235 quoniam
634 3172 866 3221 omnium
895 3173 1192 3233 Principum
1221 3173 1396 3221 nuntii
1426 3173 1491 3220 ad
1521 3171 1806 3221 Concilium
1824 3171 1964 3219 istud
1985 3184 2100 3219 6011-

162 3267 163 3271 *
192 3247 476 3307 fluxerunt,
495 3247 552 3294 in
583 3261 684 3308 quo
716 3260 822 3295 non
853 3248 1003 3295 modo
1034 3248 1096 3296 de
1127 3247 1424 3308 apparanda
1453 3247 1930 3307 crucesignatorum
1953 3258 2104 3306 expe-

182 3321 385 3370 ‚ditione
429 3322 607 3370 contra
657 3321 934 3370 Saracenos
954 3357 967 3383 ,
1017 3334 1340 3371 communem
1389 3322 1548 3369 totius
1598 3322 1773 3381 populi
1823 3320 2098 3368 Christiani

194 3394 414 3456 hostem,
458 3408 639 3445 verum
685 3397 841 3445 etiam
873 3398 934 3444 de
966 3397 1171 3456 Imperii
1201 3397 1353 3445 rebus
1383 3397 1493 3445 erat
1524 3397 1805 3456 agendum,
1854 3407 1972 3444 cum
2003 3396 2102 3442 duo

195 3469 383 3517 aemuli
411 3468 542 3518 Otho
573 3483 633 3520 ac
663 3470 949 3530 Fridericus
968 3471 1097 3519 tunc
1117 3471 1360 3531 temporis
1381 3471 1441 3519 de
1462 3470 1616 3519 Sacro
1637 3471 1864 3518 Romano
1885 3469 2102 3528 Imperio

195 3541 474 3604 litigarent,
1229 3539 1233 3543 ’
