2488 4290
20 3662 45 3675 ,¹
16 3531 41 3587 ’.Α
3 3431 38 3515 «θλ-ἕ

56 3754 67 3764 ,

0 3141 47 3428 ..ιὲ-ῳὴῖῂξέῆιῖῖῑῖζ
19 3106 38 3123 2..
23 2702 29 2711 ··

1959 300 2049 359 245

149 426 205 477 17
247 409 478 484 Capitula
497 457 510 482 ,
558 422 776 482 quorum
825 417 994 479 aliqua
1042 414 1340 477 spectabant
1396 415 1460 462 ad
1506 414 1764 475 suppetias
1816 417 2048 464 ferendas

144 504 322 550 Terrae
351 499 566 545 Sanctae
587 498 638 544 et
660 496 875 556 Imperio
891 492 1452 551 Constantinopolitano
1474 491 1788 546 Latinorum,
1812 492 1935 539 item
1955 493 2043 538 Po-

146 577 328 635 loniae‚
373 574 583 621 Russiae
628 572 781 632 atque
827 570 1126 627 Hungariae
1173 567 1350 615 contra
1397 567 1660 625 Tartaros3
1700 566 1895 625 reliqua
1941 567 2042 612 fere

147 650 316 698 omnia
344 649 409 695 ad
439 647 758 705 disciplinam
790 645 883 691 fori
915 643 1238 691 ecclesiastici
1270 641 1623 701 pertinebant3
1670 652 1836 686 unum
1868 639 1929 685 de
1959 639 2045 685 bo-

147 735 329 772 norum
359 721 811 770 ecclesiasticorum
853 716 1294 766 administratione
1328 715 1698 774 sapientissime
1730 714 2044 773 providebat.

149 799 287 846 Alias
315 807 516 857 quoque
548 796 690 853 leges
719 794 1080 841 ecclesiasticas
1110 793 1213 838 iam
1258 793 1409 838 antea
1440 803 1470 837 a
1500 802 1552 837 se
1583 790 1712 836 latas
1756 789 1863 847 ipse
1895 788 2047 834 Inno-

148 871 344 921 centius
374 870 441 916 IV
474 869 528 915 in
559 868 783 915 Concilio
814 867 1107 915 solemniter
1139 864 1456 925 promulgari
1489 863 1620 911 fecit.

510 1061 986 1122 OECUMENICUM
1030 1058 1676 1128 QUARTUMDECIMUM.

813 1224 1270 1284 [lugdunense
1303 1225 1388 1271 n.

209 1373 490 1423 Concilium
535 1373 883 1433 Lugdunense
915 1374 962 1421 II
1012 1373 1246 1421 habitum
1277 1374 1353 1421 est
1385 1385 1431 1420 a.
1468 1372 1583 1421 1274
1628 1371 1722 1418 sub
1771 1370 1826 1417 B.
1860 1372 2053 1430 Grego-

151 1450 226 1497 rio
255 1451 321 1510 X,
353 1451 578 1496 Romano
610 1449 871 1503 Pontifice,
900 1450 965 1495 ad
995 1448 1452 1496 consummandam
1482 1447 1726 1494 unionem
1757 1447 2051 1494 ecclesiasti-

153 1537 265 1573 cam
293 1524 602 1572 Graecorum
632 1537 750 1571 cum
782 1524 992 1582 Latinis,
1043 1524 1094 1571 et
1124 1535 1215 1582 pro
1245 1522 1468 1569 subsidio
1498 1523 1678 1569 Terrae
1709 1521 1924 1568 Sanctae
1955 1534 2059 1568 mo-

151 1610 367 1659 rumque
399 1599 791 1657 reformatione,·
812 1617 833 1640 «
855 1598 914 1645 ut
943 1598 997 1644 in
1030 1610 1088 1644 eo
1120 1598 1227 1644 tam
1258 1597 1395 1644 clroa
1426 1596 1722 1656 praemissa,
1747 1608 1903 1655 quam
1923 1596 2057 1642 circa

153 1672 337 1731 cetera,
384 1685 515 1733 quae
560 1674 776 1721 salutem
810 1673 1091 1732 respiciunt
1123 1673 1492 1731 animarum...,
1536 1672 1640 1718 Deo
1672 1671 1893 1730 auspice,
1927 1682 2060 1718 com-

153 1747 299 1794 muni
329 1746 547 1794 Consilio
576 1748 872 1796 inveniatur
919 1747 1139 1806 provisio
1170 1746 1222 1794 et
1254 1746 1479 1793 eiusdem
1528 1745 1890 1804 approbatione
1933 1743 2061 1791 Con-

155 1821 256 1868 cilii
299 1821 578 1869 roboretur.
612 1841 633 1864 »
684 1821 851 1882 Papae
882 1822 1118 1882 Gregorii
1151 1822 1196 1867 X
1240 1821 1459 1869 Litterae
1490 1820 1872 1868 convocatoriae
1903 1819 2059 1866 huius

156 1893 383 1950 Concilii.

199 1971 346 2019 ‘Acta
373 1971 528 2019 huius
557 1972 770 2020 Concilii
799 1972 1098 2020 brevissima
1129 1972 1313 2019 extant
1343 1971 1438 2018 sub
1486 1971 1669 2019 titulo:
1719 1970 1897 2020 Brevis
1935 1969 2063 2020 Nota

157 2055 342 2101 eorum,
373 2046 491 2107 etc„
523 2046 601 2094 uti
631 2047 686 2093 in
718 2046 1043 2106 praecedenti
1073 2045 1314 2093 Concilio.

217 2119 570 2168 Interfuerunt
599 2121 840 2168 Summus
870 2121 1123 2181 Pontifex,
1157 2121 1247 2180 qui
1277 2121 1385 2179 ipse
1406 2120 1743 2180 praesidebat,
1767 2120 1818 2167 et
1838 2119 1927 2167 500
1947 2119 2060 2179 Epi-

158 2194 313 2254 scopi,
345 2194 567 2242 Abbates
597 2195 655 2241 60
687 2195 767 2242 vel
797 2194 875 2255 70,
909 2195 1094 2255 aliique
1128 2195 1346 2241 Praelati
1381 2195 1603 2242 minores
1650 2194 1850 2242 circiter
1896 2195 2060 2253 mille;

27 2264 41 2318 ἶ
93 2329 98 2335 .
158 2267 281 2316 item
327 2269 538 2317 Iacobus
584 2271 692 2317 Rex
740 2269 1049 2329 Aragoniae,
1100 2269 1279 2316 nuncii
1319 2270 1642 2329 Imperatoris
1672 2269 1981 2316 Graecorum
2013 2268 2064 2315 et

159 2340 316 2402 Regis
345 2344 686 2404 Tartarorum,
720 2345 888 2404 alique
919 2343 1069 2390 multi
1103 2343 1397 2402 Principum
1429 2343 1679 2391 Oratores.

221 2416 436 2465 Habitae
465 2418 591 2465 sunt
618 2418 687 2464 VI
719 2418 993 2473 SessioneS,
1027 2430 1057 2464 a
1088 2417 1168 2466 die
1199 2417 1230 2464 7
1260 2418 1382 2464 maii
1411 2430 1574 2478 usque
1606 2419 1671 2465 ad
1693 2418 1749 2465 17
1770 2418 1898 2477 iulii,
1922 2418 2064 2464 etsie

163 2488 367 2540 duravit
395 2492 533 2540 istud
562 2491 846 2558 Concilium
877 2493 1003 2539 duos
1033 2503 1234 2540 menses
1264 2505 1323 2539 ac
1346 2493 1401 2539 10
1423 2493 1545 2552 dieS‚
1569 2493 1631 2540 ob
1654 2493 2066 2552 prorogationem

163 2565 309 2624 quasi
353 2566 510 2613 unius
553 2567 760 2627 mensiS,
809 2579 940 2627 quae
986 2567 1099 2626 post
1144 2566 1349 2614 tertiam
1396 2566 1682 2614 Sessionem
1728 2566 1864 2614 facta
1894 2566 1970 2614 est
2001 2565 2066 2612 ad

164 2641 505 2700 expectandos
535 2641 770 2690 Graecos

223 2715 533 2764 Graecorum
546 2716 670 2763 unio
687 2729 806 2764 cum
822 2716 1016 2764 Latinis
1032 2717 1088 2764 in
1108 2716 1203 2765 hoc
1222 2717 1462 2778 Concili0,
1481 2718 1754 2778 postquam
1769 2718 2066 2776 procurator

163 2789 487 2849 Imperatoris
531 2791 840 2839 Graecorum
884 2792 1043 2851 ipsius
1089 2791 1297 2839 nomine
1337 2793 1537 2851 publice
1567 2793 1622 2838 in
1655 2793 1879 2840 Concilio
1909 2792 2063 2840 fidem

165 2863 422 2912 Romanae
452 2866 701 2913 Ecclesiae
729 2867 983 2925 professus
1011 2868 1136 2927 erat,
1159 2879 1358 2915 summo
1381 2868 1610 2914 omnium
1632 2867 1824 2926 gaudio
1845 2866 2067 2926 perfecta

136 2981 141 2986 .
166 2938 272 2999 est3
301 2940 512 3000 insuper
541 2941 706 2989 editae
734 2942 857 2988 sunt
886 2942 941 2988 31
975 2942 1392 3002 ConstitutioneS,
1417 2955 1636 3002 quarum
1666 2944 1832 3002 prima
1854 2943 2062 3001 dogma-

166 3012 268 3060 tica
297 3014 390 3074 est,
420 3015 472 3062 et
502 3027 675 3063 veram
706 3014 1017 3064 Catholicam
1047 3017 1331 3066 doctrinam
1362 3018 1423 3064 de
1444 3017 1639 3076 Spiritu
1670 3019 1857 3065 Sancto
1889 3018 2062 3076 expla-

115 3130 122 3138 .
169 3090 278 3152 nat,
322 3090 545 3152 reliquae
590 3090 655 3137 ad
695 3090 1015 3149 disciplinam
1059 3092 1337 3152 pertinent,
1370 3093 1422 3139 et
1454 3093 1654 3151 praeter
1686 3094 1786 3139 alia
1816 3092 2065 3151 imprimis

169 3165 532 3223 gravissimum
578 3165 848 3225 negotium
891 3166 1151 3214 electionis
1194 3168 1359 3227 Papae
1390 3170 1442 3215 et
1472 3168 1834 3228 Episcoporum
1865 3167 1930 3214 ad
1959 3178 2069 3225 per-

168 3235 425 3288 fectiorem
452 3238 666 3288 formam
695 3240 960 3299 redigunt.

229 3313 417 3363 Notatu
447 3313 668 3375 dignum
697 3315 791 3375 est,
838 3315 893 3362 in
926 3316 1067 3364 Act1s
1096 3314 1252 3364 huius
1281 3315 1493 3366 Concilii
1526 3318 1703 3377 aperta
1733 3318 1957 3377 primum
1988 3328 2070 3364 ve-

172 3389 328 3449 stigia
371 3390 608 3451 certaque
651 3390 839 3438 iudicia
884 3390 1059 3438 haberi
1101 3390 1535 3453 Oonqreqationum
1564 3392 1903 3453 privatarum,
1938 3403 2068 3453 quae

173 3464 369 3522 praeter
425 3464 682 3513 sessiones
731 3465 962 3526 publicas
1012 3466 1078 3515 ad
1134 3467 1345 3527 negotia
1403 3467 1601 3517 facilius
1659 3467 2070 3527 commodiusque

173 3535 439 3591 tractanda
468 3539 675 3590 fiebant.
