2488 4290
2110 365 2142 415 7

303 467 408 527 Sed
445 476 491 528 si
529 475 668 528 haec
704 471 894 528 leviter
931 469 1239 544 raptimque
1296 474 1580 543 perstricta
1618 473 1972 542 superiorum
2011 478 2148 525 tem-

231 575 433 627 porum
471 562 781 614 recordatio
805 561 914 616 Nos
939 561 1078 614 adeo
1116 559 1370 642 percellit
1407 565 1570 628 atque
1597 559 1822 624 solatur,
1849 575 1946 612 vos
1971 560 2141 626 ipSOS,

231 646 582 700 venerabiles
619 648 854 715 Fratres,
896 647 1059 700 facile
1098 646 1481 700 intellecturos
1520 647 1855 699 arbitramur
1900 660 2009 713 qua
2046 645 2155 696 lae-

234 734 357 785 titia
394 733 613 800 exultet,
655 748 766 801 qua
822 735 1043 787 caritate
1101 734 1295 800 flagret
1331 734 1499 786 hodie
1538 749 1631 785 cor
1670 732 1928 785 Nostrum
1951 774 1963 795 ,
2013 731 2149 782 dum

234 819 437 871 iterum
476 820 818 873 observantia
857 826 910 873 et
948 822 1263 888 frequentia
1311 826 1494 873 vestra
1550 818 1909 886 perfruimur,
1954 816 2052 882 qui
2090 830 2152 867 ex

232 906 624 958 remotioribus
681 907 850 958 etiam
907 907 1196 959 catholicis
1254 907 1561 973 provinciis
1622 905 1816 958 Nostro
1879 904 2153 959 desiderio

232 996 531 1058 perspectO,
576 1008 688 1043 una
726 1003 918 1044 omnes
955 993 1159 1059 pietate
1201 998 1254 1045 et
1294 1008 1482 1046 amore
1543 992 1650 1044 acti
1709 992 1777 1043 ad
1814 990 1922 1042 Nos
1963 1006 2158 1043 conve-

233 1076 410 1128 nistis,
454 1077 610 1129 Nihil
648 1079 799 1131 enim
825 1078 991 1132 Nobis
1030 1080 1296 1147 optatius,
1329 1078 1479 1130 nihil
1507 1077 1810 1131 iucundius
1839 1091 1950 1129 esse
1976 1083 2158 1143 potest

231 1178 400 1229 quam
436 1170 613 1216 vestro
653 1165 715 1215 in
751 1171 914 1218 coetu
950 1165 1168 1228 versari,
1201 1172 1526 1232 vestraeque
1554 1165 1853 1218 Nobiscum
1881 1164 2149 1215 coniunc-

236 1250 408 1302 tionis
445 1249 688 1302 fructum
727 1265 919 1316 capere
944 1293 955 1312 ,
995 1251 1054 1302 in
1093 1252 1161 1303 iis
1197 1251 1551 1319 potissimum
1590 1249 1960 1303 sollemnibus
1999 1263 2158 1317 pera-

233 1336 427 1401 gendis
483 1336 543 1387 in
603 1336 806 1403 quibus
863 1337 1094 1404 omnia,
1135 1353 1278 1404 quae
1322 1327 1616 1390 versantur
1652 1342 1779 1389 ante
1818 1334 2042 1399 oculos,
2089 1336 2155 1387 de

235 1421 539 1475 catholicae
559 1421 832 1474 Ecclesiae
854 1425 1082 1490 unitate,
1108 1425 1175 1476 de
1205 1423 1486 1477 immobili
1512 1423 1742 1475 unitatis
1760 1423 2147 1486 fundamentO,

233 1508 300 1560 de
336 1508 614 1576 praeclaro
667 1511 786 1564 eius
839 1510 1077 1562 tuendae
1127 1511 1535 1577 servandaeque
1591 1509 1817 1576 studi0,
1873 1524 1937 1560 ac
1985 1506 2161 1574 gloria

231 1592 554 1661 loquuntur.
600 1596 674 1648 De
699 1597 800 1649 illa
837 1597 1048 1650 scilicet
1074 1596 1392 1649 admirabili
1418 1597 1634 1649 unitate
1664 1595 1989 1663 loquuntur,
2021 1613 2153 1664 qua,

232 1678 406 1733 veluti
444 1682 689 1749 quadam
725 1699 877 1747 vena,
923 1683 1104 1735 Divini
1149 1683 1385 1751 Spiritus
1438 1684 1771 1736 charismata
1827 1691 1877 1736 et
1915 1684 2061 1735 dona
2097 1685 2155 1735 in

233 1767 534 1833 mysticum
573 1768 773 1822 Christi
813 1785 1018 1836 corpus
1056 1776 1300 1834 manant,
1349 1785 1412 1822 ac
1451 1771 1511 1822 in
1550 1762 1785 1836 singulis
1824 1770 1942 1823 eius
1984 1786 2157 1822 mem·

232 1851 345 1905 bris
384 1859 535 1906 tanta
571 1854 671 1906 illa
709 1853 841 1907 fidei
880 1863 931 1907 et
969 1855 1207 1907 caritatis
1247 1855 1498 1924 exempla
1537 1856 1803 1923 excitant,
1846 1871 1986 1922 quae
2026 1858 2157 1908 uni-

234 1953 452 1992 versum
490 1939 789 1993 hominum
827 1957 1001 2008 genus
1039 1942 1098 1993 in
1138 1943 1566 1995 admirationem
1604 1942 1923 2010 impellunt.
1970 1944 2159 2008 Agitur

303 2221 385 2273 Ma
415 2236 469 2274 se
501 2227 682 2287 questa
711 2226 957 2275 memoria
988 2224 1129 2287 degli
1162 2225 1340 2274 andati
1371 2227 1546 2288 tempi,
1569 2226 1699 2275 satta
1730 2224 1773 2276 sl
1800 2227 2160 2287 leggermente

239 2314 267 2349 e
299 2314 396 2349 con
426 2302 527 2350 tale
558 2302 796 2363 rapidisst,
830 2301 887 2350 Oi
920 2302 1134 2362 colpisce
1165 2315 1193 2350 e
1224 2304 1429 2350 consola
1469 2303 1616 2351 tanto
1635 2339 1649 2364 ,
1684 2304 1767 2351 voi
1799 2303 1963 2363 stessi,
1996 2303 2159 2350 Vene-

237 2376 386 2424 rabili
416 2376 623 2425 Fratelli
643 2412 656 2437 ‚
690 2377 954 2436 pensiamo
1001 2377 1094 2425 che
1148 2378 1468 2426 intenderete
1519 2379 1811 2427 facilmente
1856 2379 1908 2426 di
1959 2378 2157 2438 quanta

236 2451 406 2498 letizia
438 2451 589 2500 esulti
612 2463 639 2499 e
663 2452 714 2499 di
736 2452 933 2513 quanta
965 2451 1126 2500 carita
1147 2453 1277 2512 oggi
1295 2454 1435 2513 parda
1464 2454 1501 2499 11
1532 2466 1654 2501 cuor
1676 2454 1875 2513 Nostr0‚
1899 2454 1947 2499 al
1969 2453 2160 2512 godere

239 2526 547 2574 novamente
581 2527 714 2574 della
743 2539 1046 2575 osservanza
1078 2539 1105 2574 e
1138 2527 1268 2574 della
1300 2528 1579 2588 frequenza
1611 2529 1812 2588 vostra,
1846 2527 2045 2575 mentre
2076 2527 2162 2573 voi

238 2599 344 2648 fino
375 2600 504 2648 dalle
534 2599 627 2660 piu
660 2601 875 2648 distanti
905 2602 1150 2661 province
1184 2596 1315 2650 della
1346 2603 1647 2663 cattolicita‚
1671 2603 1830 2650 avuta
1851 2613 2163 2649 conoscenza

240 2674 320 2722 del
348 2675 530 2723 Nostro
563 2674 827 2735 desideri0‚
859 2665 986 2722 tutti
1016 2676 1232 2724 insieme
1265 2676 1389 2723 siete
1423 2677 1605 2724 venuti
1655 2677 1720 2724 da
1750 2677 1844 2723 Noi
1891 2675 2050 2735 spinti
2096 2674 2162 2720 da

242 2758 350 2795 una
381 2748 542 2796 stessa
571 2748 708 2808 pieta
739 2762 766 2797 e
798 2749 863 2796 da
885 2762 992 2797 uno
1023 2750 1182 2797 stesso
1213 2763 1401 2799 amore.
1436 2750 1811 2810 Imperciocche
1848 2750 2013 2796 niuna
2044 2761 2161 2796 cosa

241 2823 295 2870 vi
326 2821 428 2882 puo
458 2834 621 2871 essere
651 2836 742 2882 per
772 2824 867 2872 Noi
897 2821 993 2884 piu
1023 2824 1308 2872 desiderata
1340 2838 1367 2872 e
1398 2823 1490 2884 piu
1512 2825 1719 2884 gradita
1742 2824 1936 2885 quanto
1956 2825 2005 2870 10
2026 2823 2161 2870 stare

241 2896 298 2942 in
327 2909 494 2944 mezzo
525 2898 573 2944 al
595 2899 768 2946 vostro
789 2910 1042 2959 001130330,
1066 2899 1093 2947 e
1115 2900 1339 2959 cogliere
1370 2899 1405 2946 il
1435 2899 1599 2948 frutto
1621 2900 1752 2947 della
1774 2899 1948 2946 vostra
1968 2898 2161 2945 unione

243 2982 339 3019 con
371 2972 481 3031 Noi‚
514 2963 874 3031 specialmente
905 2975 990 3022 nel
1033 2974 1288 3023 celebrare
1331 2974 1496 3035 quelle
1545 2973 1800 3022 solennita
1844 2974 1976 3020 nelle
2022 2972 2163 3033 quali

242 3046 377 3096 tutte
406 3047 453 3095 le
485 3059 598 3095 cose
630 3047 723 3094 che
754 3055 798 3094 31
828 3050 1231 3108 rappresentano
1262 3049 1476 3095 innanzi
1509 3050 1619 3108 agli
1639 3049 1781 3096 occhi
1796 3050 2010 3108 pariano
2032 3047 2162 3094 della

243 3119 392 3168 unita
424 3121 554 3168 della
583 3120 766 3168 Chiesa
798 3122 1051 3182 cattolica‚
1086 3123 1166 3170 del
1196 3122 1527 3170 fondamento
1559 3123 1819 3170 immobile
1841 3123 1973 3170 della
1993 3120 2160 3180 unita,

246 3194 518 3254 dell’opera
547 3197 778 3255 preclara
810 3196 902 3243 che
935 3196 978 3243 si
1009 3209 1142 3255 pone
1173 3198 1258 3244 nel
1291 3197 1573 3245 difenderla
1603 3209 1630 3244 e
1661 3198 1746 3244 nel
1776 3197 2116 3254 conservarla,
2135 3207 2163 3240 e

246 3269 376 3316 della
422 3269 589 3328 gloria
634 3269 727 3317 che
780 3270 963 3331 quindi
1008 3270 1268 3329 proviene.
1317 3271 1381 3317 Di
1413 3272 1582 3331 quella
1615 3270 1767 3318 unita
1796 3269 2163 3328 maravigliosa

245 3353 352 3391 esse
380 3344 593 3402 parlano
626 3343 691 3392 da
722 3345 839 3405 cui,
872 3356 1012 3392 come
1045 3343 1110 3390 da
1140 3357 1248 3391 una
1280 3357 1414 3392 vena
1435 3380 1448 3405 ,
1480 3346 1499 3391 i
1530 3346 1734 3393 carismi
1780 3357 1807 3391 e
1853 3346 1871 3390 1
1919 3344 2040 3391 (10111
2083 3343 2163 3389 (101

246 3416 433 3466 Divino
465 3417 653 3477 Spirito
683 3418 1029 3466 scaturiscono
1076 3419 1162 3467 nel
1209 3431 1360 3479 corpo
1401 3420 1601 3468 mistico
1647 3419 1699 3466 di
1730 3418 1894 3466 Cristo
1913 3451 1926 3478 ‚
1960 3431 1987 3466 e
2033 3417 2164 3464 nelle

247 3492 447 3551 singole
478 3505 569 3540 sue
597 3493 828 3541 membra
857 3492 1090 3541 eccitano
1139 3494 1259 3554 quei
1305 3493 1348 3540 sl
1381 3494 1572 3553 grandi
1606 3494 1797 3553 esempi
1828 3494 1880 3540 di
1910 3492 2019 3541 fede
2053 3504 2080 3539 e
2111 3492 2164 3538 di

248 3565 408 3614 carita
437 3565 530 3615 che
559 3567 697 3615 tutto
728 3567 764 3614 11
797 3579 990 3627 genere
1021 3580 1212 3615 umano
1235 3566 1262 3616 ὲ
1285 3568 1525 3616 costretto
1547 3568 1613 3615 ad
1634 3568 1923 3615 ammirare.
1943 3565 2164 3614 Giacche

154 3712 171 3722 „
248 3640 469 3705 trattasi,
502 3642 791 3691 Venerabili
821 3642 1043 3703 Fratelli,
1078 3642 1130 3690 di
1162 3642 1420 3692 decretare
1450 3643 1506 3690 in
1530 3643 1710 3704 questo
1729 3642 1901 3702 tempo
1923 3642 1999 3701 gli
2020 3640 2163 3688 onori
