2488 4290
438 315 524 360 144

435 418 577 484 Papa
611 419 670 470 in
709 418 943 472 crimine
980 419 1294 486 criminose,
1328 421 1377 472 ei
1417 419 1622 474 scilicet
1659 422 2031 490 impendendo
2067 423 2340 483 auxilium

434 502 521 554 vel
559 504 817 556 favorem.
2279 555 2285 560 .

516 590 590 638 17.
636 589 871 641 Clericos
909 591 1144 641 scienter
1194 596 1245 640 et
1280 597 1472 657 sponte
1527 595 2003 644 communicantes
2041 594 2100 644 in
2141 594 2340 646 divinis

437 688 561 724 cum
597 675 843 740 personis
893 691 925 726 a
972 676 1215 726 Romano
1271 674 1534 727 Pontifice
1589 677 1923 731 nominatim
1962 678 2335 732 excommuni-

435 759 564 811 catis
602 765 656 811 et
691 759 836 826 ipsos
873 761 929 811 in
972 760 1173 811 officiis
1213 761 1551 828 recipientes.

741 945 1276 997 Eoeoommunicationes
1315 948 1440 998 latae
1476 948 1744 998 sententiae
1778 948 2031 1014 Episcopis

1017 1033 1117 1082 sive
1159 1032 1446 1082 Ordinariis
1483 1039 1767 1083 reservatae.

504 1188 1069 1240 Excommunicationi
1096 1188 1238 1241 latae
1265 1190 1564 1241 sententiae
1590 1187 1866 1255 Episcopis
1892 1189 2003 1240 sive
2043 1189 2340 1241 ordinariis

436 1276 739 1323 reservatae
778 1273 1060 1325 subiacere
1100 1274 1469 1326 declaramus:

509 1357 553 1406 1.
599 1357 829 1410 Clericos
854 1360 911 1410 in
941 1360 1117 1411 Sacris
1145 1361 1474 1412 constitutos
1499 1359 1584 1411 vel
1599 1346 1904 1425 'Regulares
1944 1366 2040 1411 aut
2076 1360 2338 1412 Moniales

435 1448 558 1508 post
593 1449 786 1495 votum
823 1445 1068 1498 solemne
1097 1447 1359 1497 castitatis
1386 1446 1803 1497 matrimonium
1832 1445 2156 1497 contrahere
2183 1461 2339 1511 prae-

436 1536 741 1596 sumentes;
787 1546 885 1582 nec
924 1548 1036 1583 non
1076 1547 1267 1583 omnes
1307 1547 1433 1583 cum
1472 1531 1661 1597 aliqua
1687 1547 1748 1582 ex
1773 1531 2065 1598 praedictis
2091 1532 2337 1596 personis

435 1617 858 1667 matrimonium
898 1618 1224 1668 contrahere
1263 1623 1693 1684 praesumentes

514 1702 560 1751 2.
604 1702 960 1753 procurantes
1000 1703 1270 1765 abortum,
1318 1704 1512 1755 effectu
1551 1708 1795 1768 sequutO.

508 1787 553 1838 3.
599 1787 816 1837 Litteris
873 1787 1190 1852 apostolicis
1240 1788 1390 1840 falsis
1448 1789 1686 1840 scienter
1721 1791 1952 1861 utenteS,
1991 1786 2077 1839 vel
2113 1787 2333 1839 crimini

437 1886 498 1922 ea
537 1872 597 1921 in
635 1886 694 1923 re
735 1878 1105 1938 cooperantes.

429 2258 601 2304 mente
632 2259 712 2304 dal
745 2258 881 2316 Papa
928 2258 981 2305 in
1016 2258 1223 2305 crimine
1267 2258 1547 2318 criminooe,
1591 2260 1910 2318 prestandole
1961 2261 2067 2308 cioe
2112 2262 2253 2309 aiuto
2305 2277 2335 2310 o

427 2332 615 2378 favore.

490 2404 561 2451 17.
597 2407 619 2450 I
650 2405 857 2452 chierici
887 2406 980 2452 che
1010 2405 1374 2452 scientemente
1395 2419 1422 2452 e
1443 2407 1898 2464 spontaneamente
1919 2409 2254 2455 comunicano
2275 2409 2330 2456 in

429 2479 615 2526 divinis
645 2492 739 2526 con
773 2491 986 2537 persone
1008 2479 1445 2527 nominatamente
1466 2481 1811 2528 scomunicate
1833 2481 1915 2527 dal
1946 2483 2172 2527 Romano
2205 2482 2333 2528 Pon-

426 2552 574 2600 tefice
604 2565 633 2600 e
662 2554 709 2599 le
738 2553 976 2599 ricevono
1008 2552 1152 2610 negli
1183 2552 1338 2599 uffizi.

655 2743 968 2792 Soomuniclce
1008 2743 1140 2790 latae
1186 2743 1470 2791 sententiae
1515 2745 1759 2792 riser-vate
1800 2745 1854 2792 ai
1905 2745 2111 2804 Vesoovi‚

1144 2818 1277 2865 ossia
1312 2818 1558 2866 ordinari.

483 2958 822 3006 Dichiariamo
854 2958 945 3005 che
976 2959 1309 3017 soggiaciono
1340 2960 1439 3004 alla
1470 2959 1765 3006 scomum'ca
1799 2959 1931 3006 latae
1969 2959 2152 3007 sentiae
2184 2959 2330 3006 riser-

426 3033 547 3081 vata
578 3033 626 3078 ai
655 3031 868 3079 Vescovi
900 3033 1032 3079 ossia
1063 3032 1318 3079 ordinari:

485 3108 527 3154 1.
561 3108 584 3152 I
616 3106 820 3152 chierici
849 3106 1095 3152 costituiti
1127 3106 1178 3152 in
1198 3106 1377 3163 sartrix,
1402 3119 1430 3152 o
1460 3106 1478 3150 i
1508 3107 1730 3165 regolari
1769 3119 1797 3153 o
1829 3106 2076 3154 monache
2129 3107 2258 3164 dopo
2288 3107 2326 3152 il

424 3180 543 3228 voto
573 3181 780 3226 solenne
825 3180 876 3225 di
922 3179 1120 3238 castita,
1168 3179 1259 3226 che
1306 3192 1613 3238 presumono
1660 3181 1919 3227 contrarre
1963 3180 2324 3238 matrimoni03

426 3267 565 3303 come
594 3266 722 3312 pure
750 3252 873 3300 tutti
915 3253 1069 3312 quelli
1110 3254 1203 3300 che
1248 3266 1552 3312 presumono
1598 3255 1650 3300 di
1693 3254 1955 3302 contrarre
1998 3252 2324 3299 matrimonio

425 3341 520 3376 con
550 3329 737 3374 alcuna
767 3327 892 3373 delle
922 3326 1148 3384 predette
1178 3339 1406 3385 persone.

483 3402 528 3449 2.
562 3400 726 3457 Quelli
755 3400 847 3446 che
875 3413 1159 3457 procurano
1190 3401 1369 3460 aborti,
1403 3402 1566 3462 effecto
1586 3401 1800 3464 sequuta

483 3475 528 3520 3.
562 3474 723 3530 Quelli
751 3473 843 3520 che
875 3473 1236 3520 scientemente
1268 3486 1429 3522 usano
1461 3476 1513 3522 di
1541 3476 1666 3523 false
1697 3474 1895 3522 Lettere
1927 3472 2249 3532 apostoliche,
2286 3483 2315 3530 o

423 3561 701 3608 cooperano
730 3548 785 3593 in
818 3547 995 3607 questo
1028 3548 1076 3593 al
1108 3546 1298 3596 delit‘co.
2239 3543 2245 3551 ”
2310 3552 2312 3555 ·
