2488 4290
1979 305 2069 355 279

161 423 292 474 sicut
321 424 492 485 aquila
522 422 576 468 in
609 419 878 469 iuventute
909 431 1019 479 sua,
1053 414 1334 464 maiestatis
1354 427 1414 463 ac
1435 413 1631 474 gloriae
1651 414 1790 461 veste
1811 411 2062 470 redimita,

158 501 210 548 et
238 498 432 558 Spiritu
479 496 667 544 Sancto
714 496 905 554 repleta
954 492 1169 551 exurgit
1212 492 1267 538 in
1312 490 1579 544 iudicium,
1620 488 1671 536 et
1713 488 1860 535 Petro
1892 488 1944 533 in
1977 488 2060 546 Te,

96 608 97 611 κ
157 575 474 623 BnAnssmn
505 573 700 632 PATER,
743 571 852 617 eius
898 581 1199 628 successore,
1248 567 1415 613 adhuc
1461 565 1669 613 vivente
1715 566 1767 610 et
1811 563 2059 622 praeside,

156 650 309 710 atque
339 648 569 695 omnium
601 646 941 694 Ecclesiarum
972 644 1188 703 Angelis
1218 641 1591 700 assistentibus,
1621 639 1870 687 iudicabit
1890 638 2063 686 orbem

51 760 53 762 -
154 724 318 771 terrae
350 723 404 769 in
437 722 651 769 veritate
683 721 734 768 et
764 718 963 768 iustitia
997 719 1078 780 (1).
1113 719 1241 766 Vere
1272 730 1304 765 a
1335 717 1537 764 Domino
1557 716 1766 777 factum
1807 714 1879 762 est
1922 713 2063 762 istud

153 797 200 844 et
227 797 302 845 est
330 795 560 844 mirabile
591 795 644 842 in
674 795 834 842 oculis
862 794 1050 841 nostris
1083 794 1163 855 (2).
1203 794 1240 839 O
1272 790 1490 840 altitudo
1528 789 1829 838 divitiarum
1871 789 2060 848 sapien-

153 871 254 919 tiae
282 871 330 918 et
359 870 590 918 scientiae
611 870 702 917 Dei
734 868 820 929 (3),
855 869 944 930 qui
976 869 1036 915 ut
1067 880 1193 915 aevo
1225 866 1451 927 quolibet
1483 866 1534 913 et
1564 876 1888 926 quocumque
1911 863 1966 909 in
1988 864 2061 910 di-

152 946 390 994 scrimine
420 945 582 992 iustos
612 945 667 991 in
698 944 805 995 fide⁴
829 943 1057 991 firmaret
1087 942 1139 990 et
1169 941 1533 1000 consolaretur,
1564 940 1747 999 impios
1767 939 1941 986 autem
1963 938 2062 986 ter-

155 1021 285 1068 reret
317 1021 383 1067 ad
411 1019 799 1080 poenitentiam,
834 1019 967 1066 sicut
987 1018 1247 1065 Christum
1267 1018 1323 1063 in
1345 1016 1595 1077 potestate
1615 1015 1878 1063 iudicandi
1897 1016 2059 1061 Deum

153 1107 256 1143 esse
285 1095 472 1155 prodit,
505 1095 579 1141 ita
612 1095 904 1154 Ecclesiam,
939 1094 1116 1141 eadem
1145 1092 1395 1151 potestate
1426 1091 1685 1151 donatam,
1702 1103 1810 1137 non
1839 1090 2061 1137 hominis

151 1170 237 1217 sed
264 1182 516 1217 manuum
546 1182 758 1217 suarum
789 1181 917 1228 opus
947 1181 1054 1216 esse
1086 1167 1327 1228 declarat,
1361 1167 1587 1227 adeoque
1616 1166 1760 1213 irrito
1783 1165 1973 1213 conatu
2003 1166 2057 1212 in

149 1239 262 1292 eam
292 1245 508 1292 fremere
539 1256 599 1292 ac
627 1245 899 1303 insurgere
929 1243 1209 1291 inferorum
1240 1242 1440 1303 portas;
1482 1241 1729 1301 scriptum
1771 1240 1848 1288 est
1885 1242 2055 1289 enim:

150 1318 256 1370 Non
278 1317 635 1379 praevalebunt
668 1317 749 1380 (4).

205 1394 411 1442 Mittens
440 1395 576 1442 Deus
607 1393 796 1441 Filium
827 1406 980 1441 suum
1010 1394 1067 1440 in
1099 1394 1371 1454 mundum,
1405 1394 1466 1441 ut
1502 1395 1788 1442 salvaretur
1830 1395 2057 1442 mundus

145 1481 235 1529 per
264 1468 433 1528 ipsum
455 1468 540 1529 (5),
559 1479 693 1516 omne
715 1467 963 1516 iudicium
983 1468 1120 1516 dedit
1140 1468 1186 1515 ei
1210 1468 1291 1530 (6),
1316 1481 1621 1530 omnemque
1642 1469 1945 1528 potestatem
1971 1468 2052 1531 (7),

145 1543 204 1590 ut
233 1543 366 1591 sicut
395 1543 569 1590 omnia
599 1555 689 1602 per
719 1543 891 1601 ipsum
920 1542 1057 1590 facta
1087 1543 1212 1590 sunt
1245 1542 1329 1604 (8),
1352 1543 1526 1591 omnia
1545 1556 1636 1602 per
1665 1542 1834 1603 ipsum
1865 1544 2057 1591 iudica-

148 1618 345 1679 rentur,
377 1619 429 1665 et
458 1629 619 1667 omnes
654 1617 1034 1677 honorificarent
1074 1618 1268 1665 Filium
1310 1618 1442 1666 sicut
1485 1618 1811 1678 honorificant
1853 1619 2054 1667 Patrem

141 1692 228 1756 qui
257 1693 398 1741 misit
429 1693 580 1741 illum
613 1693 694 1755 (9).
732 1692 1056 1753 Ooqnoscetur
1087 1693 1326 1741 Dominus
1358 1693 1553 1741 iudicia
1576 1694 1780 1754 faciens
1807 1695 1919 1756 (10),
1943 1706 2055 1758 quo-

140 1769 276 1817 niam
306 1769 440 1817 Deus
470 1768 625 1817 iudex
654 1770 726 1817 est
761 1769 871 1831 (11).
907 1769 1258 1828 Oognoscetur
1299 1769 1355 1815 in
1387 1771 1488 1818 sole
1520 1771 1807 1831 obscuratO,
1839 1771 1895 1817 in
1926 1773 2051 1818 luna

139 1842 252 1891 atro
281 1844 541 1903 sang-uine
571 1845 796 1904 perfusa,
828 1845 886 1891 in
927 1845 1084 1897 stellis
1126 1845 1188 1892 de
1227 1845 1364 1893 coelo
1405 1846 1722 1907 cadentibuS,
1766 1848 1822 1893 in
1861 1847 2052 1895 virtute

9 1914 43 1995 ‚⁸
138 1918 302 1966 multa
330 1918 382 1966 et
411 1919 678 1966 maiestate
709 1918 965 1967 venientis
997 1919 1151 1980 atque
1193 1920 1248 1966 in
1293 1922 1614 1980 Angelorum
1652 1922 1918 1970 comitatu.
1963 1922 2053 1971 Oo-

137 1991 432 2053 gnoscetur,
467 2006 604 2053 cum,
639 1993 977 2053 congregatis
1009 2005 1181 2041 coram
1212 2007 1269 2042 eo
1311 1995 1513 2042 cunctis
1541 1997 1818 2056 gentibus,
1858 1996 2051 2045 itlwmi-

133 2066 270 2115 nabit
298 2067 582 2115 abscondita
603 2067 917 2116 tenebrarum
942 2068 1054 2130 (12),
1084 2081 1289 2117 omnem
1309 2069 1639 2130 iniquitatem
1660 2072 1711 2119 et
1732 2071 2046 2131 hypocrisim

37 2147 47 2160 ·
134 2142 399 2199 revelabit,
448 2143 716 2191 veritatem
762 2143 826 2190 ab
873 2155 1057 2204 errore,
1103 2145 1154 2191 et
1198 2144 1445 2192 virtutem
1476 2158 1508 2192 a
1538 2146 1663 2194 vitio
1694 2147 1938 2208 secernet,
1988 2161 2047 2195 ac

137 2215 289 2264 rebus
321 2218 559 2265 omnibus
590 2219 851 2266 renovatis
891 2219 943 2266 et
988 2219 1290 2266 instauratis
1334 2221 1390 2267 in
1438 2222 1552 2280 Ipso
1600 2221 1713 2283 (13),
1757 2224 1929 2272 electis
1970 2237 2049 2272 co-

135 2303 304 2352 ronaS,
340 2293 568 2352 reprobis
605 2306 726 2341 vero
772 2306 964 2353 poenas
1005 2295 1238 2342 aeternas
1282 2297 1551 2354 rependet:
1601 2299 1912 2357 coquoscetur
1955 2301 2048 2347 Do-

130 2366 298 2415 minus
324 2366 518 2415 iudicia
535 2368 757 2429 faciens,
790 2369 1019 2431 quoniam
1051 2370 1183 2417 Deus
1216 2370 1370 2419 iudea>
1403 2373 1490 2420 est.
1977 2359 1983 2366 ’
2089 2371 2091 2373 ’

192 2441 344 2490 Haud
375 2442 521 2491 aliter
551 2442 785 2491 Christus
816 2445 905 2492 Dei
938 2445 1094 2493 Filius
1127 2447 1180 2492 in
1203 2447 1393 2495 terram
1416 2449 1602 2496 missus
1627 2463 1657 2497 a
1679 2451 1844 2510 Patre,
1869 2452 2044 2500 volens

192 2653 254 2716 (1)
287 2656 367 2704 Ps.
404 2657 482 2718 95,
510 2650 591 2706 ’13.

194 2729 256 2790 (2)
291 2731 374 2778 Ps,
410 2733 514 2793 117,
548 2734 623 2782 23.

198 2803 259 2865 (3)
294 2805 460 2867 Rom,
495 2808 569 2868 11,
601 2809 677 2855 33.

190 2878 252 2939 (4)
288 2880 491 2941 Matth.,
527 2883 600 2942 16,
638 2885 709 2930 18.

187 2951 250 3013 (5)
285 2953 448 3014 Ioan.,
480 2957 526 3015 3,
562 2958 634 3004 17.

186 3026 247 3087 (6)
282 3028 444 3090 Ioan.,
476 3030 523 3091 5,
556 3031 631 3080 22.

185 3100 247 3162 (7)
280 3103 481 3166 Matth.,
514 3105 591 3165 28,
628 3107 699 3153 13.

185 3175 247 3238 (8)
278 3178 441 3240 Ioan.,
476 3180 520 3241 1,
553 3180 599 3228 3.

183 3250 246 3312 (9)
280 3252 442 3314 Ioan.,
474 3254 522 3311 5,
554 3256 629 3303 23.

82 3367 89 3374 .
135 3323 137 3326 ⁴
181 3325 272 3387 (10)
309 3327 388 3375 Ps.
422 3329 470 3384 9,
505 3330 577 3378 17.

180 3399 271 3461 (11)
304 3401 384 3449 Ps.
417 3404 495 3464 49,
528 3405 574 3451 6.

181 3473 272 3535 (12)
307 3476 367 3537 Ι.,
400 3476 534 3538 Cor„
568 3480 614 3538 4,
646 3479 692 3527 5.

181 3547 273 3610 (13)
307 3550 454 3617 ΕΡΙΙ.,
490 3553 533 3614 1,
574 3553 645 3602 10.
