2488 4290
421 313 506 363 174

482 422 696 472 Dubium
738 423 804 474 VI.
849 427 926 473 An
963 423 1032 475 sit
1083 411 1224 475 'onus
1279 423 1599 491 impositum
1637 420 1914 476 Canonicis
1968 420 2052 476 vel
2119 423 2298 492 potius

415 509 715 562 Ecclesiae?
1615 504 1630 520 ⁹

486 625 698 676 Dubium
741 626 830 677 VII.
888 626 946 675 In
999 625 1224 676 Ecclesis
1274 625 1594 692 praesertim
1649 624 2175 691 Sanctimonialum,
2238 627 2298 677 in

415 712 612 776 quibus
648 712 864 763 attentis
907 717 1213 777 temporum
1251 711 1665 763 circumstantiis
1719 726 1845 761 una·
1882 712 2035 762 Missa
2083 712 2168 761 vix
2202 706 2300 778 po-

420 803 522 847 test
557 796 834 862 celebrari,
874 797 1008 862 quid.
1045 795 1166 845 fieri
1207 796 1426 848 debeat?
1462 810 1727 861 quaenam
1766 793 2106 850 omittenda?

486 913 699 962 Dubium
742 910 849 962 VIII.
892 912 968 962 An
1011 910 1238 962 collecta
1287 911 1352 961 de
1404 910 1608 976 Spiritu
1645 911 1838 961 Sancto
1877 911 2068 963 debeat
2108 911 2298 962 omitti

421 998 478 1046 in
517 997 705 1048 diebus
740 998 947 1062 primae
985 1003 1035 1047 et
1071 997 1335 1047 secundae
1374 994 1593 1047 Classis?

491 1128 632 1178 Haec
668 1133 846 1178 autem
886 1126 1052 1177 dubia
1087 1141 1259 1191 quum
1299 1126 1634 1191 subscriptus
1662 1126 1994 1178 Secretarius
2030 1125 2303 1178 retulisset

320 1227 331 1237 ¹
419 1215 475 1264 in
515 1213 812 1264 Ordinariis
847 1226 1127 1264 sacrorum
1162 1212 1386 1263 Rituum
1425 1212 1694 1275 Comitiis‚
1758 1212 2068 1276 subsignata
2105 1213 2190 1263 die
2227 1213 2302 1263 ad

418 1298 739 1350 Vaticanum
775 1298 987 1360 habitis,
1033 1298 1170 1348 R.mi
1208 1312 1269 1347 ac
1307 1297 1454 1347 R.mi
1491 1297 1702 1359 PatreS,
1758 1297 1919 1348 sacris
1959 1295 2176 1347 tuendis
2212 1296 2303 1346 Ri-

422 1385 563 1435 tibus
600 1384 907 1451 praepositi,
955 1383 1142 1434 audito
1181 1383 1329 1449 prius
1366 1388 1490 1433 voto
1529 1381 1749 1433 alterius
1787 1397 1847 1431 ex
1884 1381 2303 1448 apostolicarum

419 1469 893 1521 Caeremoniarum
930 1469 1187 1533 Magistris
1224 1470 1421 1535 scripto
1475 1475 1682 1520 exarato
1722 1468 1972 1533 typisque
2012 1465 2258 1532 evulgato
2282 1503 2300 1532 ‚

420 1556 835 1607 rescribendum
873 1561 1212 1606 censuerunt.

490 1686 566 1736 Ad
601 1685 639 1736 Ι.
681 1685 740 1736 In
776 1686 1000 1736 omnibus
1050 1684 1416 1735 Cathedralibus
1452 1693 1496 1735 et
1531 1686 1588 1735 in
1628 1685 1913 1750 Colleqiati8‚
1957 1684 2045 1735 ubi
2079 1685 2297 1749 quotidie

423 1775 624 1822 canitur
658 1773 806 1822 Missa
845 1771 1205 1832 ConventualiS‚
1252 1773 1448 1821 cantari
1490 1770 1619 1821 debet
1655 1773 1803 1822 etiam
1837 1773 1985 1821 Missa
2021 1771 2077 1821 de
2113 1770 2306 1835 Spiritu

423 1858 623 1909 Sancto:
681 1859 739 1906 in
791 1856 906 1906 aliis
959 1856 1178 1907 Ecclesiis
1196 1894 1215 1922 ‚
1266 1858 1324 1905 in
1378 1857 1520 1906 Brevi
1554 1857 1812 1921 apostolico
1849 1856 2113 1920 desrssynatis
2131 1895 2144 1916 ,
2191 1855 2306 1906 haec

422 1945 569 1993 Missa
604 1942 732 1993 debet
782 1942 873 2006 leyi
908 1943 983 1993 vel
1020 1943 1133 1992 cani
1183 1949 1336 2006 prout
1393 1942 1571 2005 leyitur
1623 1942 1698 1992 vel
1748 1943 1947 1993 canitur
1995 1943 2141 1992 Missa
2195 1955 2305 1991 con·

421 2028 681 2079 ventualiS.

490 2141 567 2191 Ad
602 2140 663 2193 ΙΙ.
707 2141 766 2191 Iu
802 2156 917 2193 casu
957 2151 1057 2193 tam
1091 2143 1150 2192 in
1183 2142 1332 2193 Missa
1370 2156 1482 2193 cum
1519 2149 1684 2205 cautu,
1729 2155 1881 2207 quam
1927 2142 1985 2193 in
2022 2141 2167 2195 Missa
2199 2143 2307 2195 sine

422 2236 593 2289 cautu,
636 2228 853 2279 addatur
878 2225 1056 2300 Gloria
1093 2236 1137 2279 et
1173 2227 1361 2279 Credo.

488 2342 565 2393 Ad
601 2341 681 2393 ΙΙΙ.
725 2343 969 2394 Staudum
1005 2352 1075 2394 est
1129 2345 1511 2408 praescriptioni
1570 2345 1736 2394 Brevis
1755 2381 1769 2406 ,
1835 2344 2035 2408 ideoque
2093 2329 2306 2409 sinqulis

420 2430 578 2479 Feriis
632 2429 696 2490 V,
758 2431 816 2478 iu
852 2429 1031 2493 quibus
1067 2443 1171 2480 ‘non
1219 2437 1446 2481 occurrat
1499 2430 1686 2493 Dupleoe
1717 2431 1910 2492 primae
1961 2430 2034 2479 vel
2070 2430 2307 2482 secundae

420 2514 600 2576 classiS,
645 2522 713 2564 est
750 2514 1044 2575 celebranda,
1077 2517 1269 2565 etiamsi
1306 2515 1566 2565 celebretur
1604 2514 1736 2564 lecta.

487 2628 562 2679 Ad
598 2627 678 2680 IV.
726 2630 980 2694 Cantetur,
1022 2638 1111 2679 aut
1149 2631 1338 2693 leqatur
1376 2638 1481 2694 post
1518 2629 1722 2690 Nonam,
1766 2636 1811 2678 et
1837 2630 1983 2679 etiam
2004 2638 2113 2695 post
2137 2643 2306 2680 omnes

419 2715 590 2765 Missas
627 2729 658 2764 a
694 2715 915 2766 Rubricis
952 2715 1115 2765 eadem
1151 2715 1227 2765 die
1263 2717 1606 2779 praescriptas.

491 2828 566 2878 Ad
603 2827 662 2880 V.
704 2829 762 2880 In
800 2843 916 2880 casu
952 2831 1051 2880 dici
1087 2830 1215 2880 debet
1238 2844 1344 2880 uua
1371 2838 1566 2881 tantum
1599 2831 1766 2882 Oratio
1795 2833 1980 2883 tamin
2017 2833 2165 2882 Missa
2189 2846 2301 2883 cum

422 2924 571 2966 cantu
607 2930 758 2979 quam
794 2917 851 2965 in
886 2917 1034 2966 Missa
1069 2919 1175 2967 sine
1213 2925 1376 2968 cantu.

492 3031 568 3081 Ad
603 3029 684 3082 VI.
727 3031 808 3082 Est
844 3045 969 3083 onus
1022 3032 1287 3099 Ecclesiae,
1352 3040 1395 3083 et
1451 3032 1618 3084 haberi
1668 3034 1796 3084 debet
1847 3042 1906 3083 ut
1960 3048 2081 3098 pars
2116 3034 2307 3084 servitii

434 3117 661 3167 choralis.

495 3233 569 3283 Ad
605 3231 707 3284 VII.
750 3233 980 3284 Martiales
1014 3247 1118 3284 non
1155 3234 1509 3299 comprehendi.

496 3348 572 3399 Ad
608 3346 732 3399 VIII.
774 3347 1029 3412 Neyative,
1084 3357 1127 3400 et
1163 3350 1220 3399 iu
1273 3350 1423 3400 Festis
1474 3350 1666 3414 primae
1714 3348 1881 3399 classis
1916 3347 2015 3399 dici
2052 3347 2180 3397 debet
2215 3346 2305 3398 sub

421 3438 574 3486 unica
609 3435 932 3499 conclusione3
988 3436 1046 3484 iri
1091 3435 1243 3485 Festis
1289 3449 1399 3486 vero
1452 3434 1688 3485 secundae
1725 3434 1892 3484 classis
1941 3447 2052 3483 cum
2086 3434 2304 3498 propria

428 3521 742 3572 conclusione.
786 3520 938 3583 Atque
973 3521 1046 3570 ita
1080 3521 1456 3585 rescripserunt.
1501 3518 1593 3569 Die
1633 3517 1661 3568 3
1700 3517 1825 3568 iulii
1874 3516 2018 3569 1869.
