2488 4290
1980 308 2033 354 15

139 424 192 472 et
225 431 390 484 super
431 417 575 468 hanc
611 420 818 483 petram
857 413 1152 467 aedificabo
1190 410 1482 464 Ecclesiam
1520 425 1715 475 meam,
1763 418 1816 464 et
1851 419 2035 478 portae

54 519 60 525 ’
136 504 299 560 inferi
335 518 444 553 non
483 499 872 568 praevalebunt
908 501 1162 552 adversus
1201 512 1320 550 eam
1359 495 1440 563 (1).

0 1941 21 1995 v-r:
0 1863 8 1934 nv-ss
0 1790 10 1855 'o-
0 1774 17 1784 ,ζ
0 1716 12 1767 1¹-
0 1503 13 1700 Ἰ-τ-ιή-ςν-ῑ-

205 594 542 654 Quamquam
571 603 697 639 vero
731 587 926 638 Civitas
951 585 1166 637 Domini
1199 585 1481 646 virtutum,
1515 582 1707 633 Civitas
1731 583 1822 635 Dei
1859 588 2031 636 nostri

39 662 46 667 A
134 672 539 743 inexpugnabili
580 673 937 724 fundamento
976 672 1195 734 nitatur,
1241 676 1422 721 tamen
1459 676 1810 734 agnoscentes
1849 685 1910 721 ac
1957 672 2038 722 in-

137 763 271 814 timo
321 760 482 812 corde
537 757 808 822 dolentes,
877 763 1080 810 tantam
1139 756 1413 809 malorum
1470 756 1781 820 congeriem
1831 757 2038 808 anima-

135 860 372 912 rumque
409 845 644 909 ruinam,
677 844 745 895 ad
771 858 935 910 quam
961 843 1308 922 avertendam
1334 840 1418 893 vel
1443 842 1612 893 vitam
1640 857 1842 908 ponere
1867 844 2039 908 parati

137 946 398 994 essemuS,
442 931 544 983 Nos
581 930 676 995 qui
713 930 919 982 aeterni
955 929 1187 981 Pastoris
1224 928 1434 981 Vicaria
1471 928 1528 978 in
1577 929 1755 980 terris·
1786 944 2038 995 procura-

138 1019 285 1071 tione
333 1016 636 1082 fungenteS,
678 1014 791 1068 zelo
841 1017 1037 1067 domus
1079 1014 1172 1066 Dei
1222 1029 1347 1082 prae
1399 1017 1623 1066 caeteris
1677 1015 2041 1068 incendamur

137 1119 356 1158 necesse
396 1108 526 1171 est,⁴
570 1116 691 1154 eam
745 1102 891 1153 viam
943 1107 996 1153 et
1041 1101 1312 1152 rationem
1363 1101 1666 1152 ineundam
1714 1102 1877 1155 Nobis
1929 1118 2040 1154 esse

137 1190 405 1252 duximus
449 1203 587 1255 quae
625 1188 693 1239 ad
732 1193 810 1239 tot
844 1187 1112 1239 Ecclesiae
1162 1188 1488 1240 detrimenta
1530 1188 1815 1239 sarcienda
1852 1187 2042 1241 utilior

138 1283 190 1330 et
225 1275 583 1344 opportunior
616 1274 906 1326 videretur.
962 1274 1033 1324 Ac
1069 1271 1209 1324 illud
1244 1272 1409 1324 Isaiae
1445 1288 1603 1340 saepe
1642 1275 1830 1326 animo
1869 1272 2040 1326 revol-

137 1368 321 1415 ventes
362 1383 381 1406 «
406 1361 485 1412 ini
514 1358 812 1412 consilium
851 1374 981 1424 coge
1021 1357 1319 1410 concilium
1344 1382 1362 1404 t)
1417 1364 1470 1412 et
1503 1366 1815 1427 reputantes
1851 1362 2041 1413 huius-

141 1449 294 1501 modi
329 1447 643 1499 remedium
679 1447 738 1497 in
778 1446 1106 1510 gravissimis
1143 1447 1223 1498 rei
1264 1446 1591 1497 christianae
1643 1449 1976 1514 temporibus
2012 1465 2044 1500 a

136 1533 639 1604 praedecessoribus
667 1530 896 1584 'Nostris
957 1531 1264 1584 salutariter
1325 1546 1438 1584 esse
1502 1538 1827 1599 usurpatum
1849 1576 1861 1597 ,
1924 1541 2043 1601 post

138 1621 422 1673 diuturnas
458 1634 677 1687 preceS‚
721 1624 842 1685 post
892 1617 1088 1670 collata
1137 1633 1263 1670 cum
1318 1617 1728 1672 venerabilibus
1771 1621 2043 1673 Fratribus

83 1697 334 1761 ”Nostris
360 1706 586 1758 Sanctae
614 1706 890 1758 Romanae
927 1704 1192 1758 Ecclesiae
1230 1705 1605 1758 Cardinalibus
1645 1703 1886 1770 consilia,
1919 1715 2045 1774 post

139 1793 368 1862 expetita
406 1792 570 1845 etiam
618 1791 865 1860 plurium
905 1791 1192 1844 Sacrorum
1247 1792 1562 1865 Antistitum
1599 1793 1871 1856 suffragia,
1916 1794 2037 1859 VOS,

42 2075 45 2079 -
139 2049 311 2114 questa
340 2047 516 2096 Pietra
543 2005 802 2107 edijtclaero*
835 2047 887 2095 la
917 2045 1022 2094 mia
1055 2044 1262 2102 Okiesa;
1292 2056 1316 2093 e
1348 2045 1392 2093 le
1414 2045 1559 2106 porte
1601 2045 1924 2108 dell’inserno
1955 2057 2047 2095 non

131 2133 476 2185 prevarranno
497 2122 663 2171 contro
693 2121 748 2169 di
779 2121 859 2168 lei.
894 2139 915 2163 »

199 2197 400 2246 Benche
429 2198 513 2258 poi
541 2198 592 2243 la
623 2195 759 2244 Citta
790 2196 869 2242 del
900 2195 1119 2254 Signore
1152 2195 1278 2243 delle
1309 2194 1465 2255 virtu,
1500 2197 1551 2242 la
1581 2195 1705 2243 citta
1755 2197 1834 2244 del
1866 2197 2046 2245 Nostro

141 2274 233 2322 Dio
262 2274 428 2333 poggi
459 2284 608 2331 sopra
636 2272 1032 2332 inespugnabile
1064 2270 1411 2330 fondamento,
1444 2283 1542 2330 pur
1581 2270 1858 2318 tuttavolta
1900 2285 2046 2320 cono-

142 2348 327 2397 scendo
359 2361 387 2395 e
417 2346 722 2414 dall’intinio
756 2347 836 2394 del
868 2357 1018 2394 cuore
1051 2346 1464 2405 deplorandoun
1496 2343 1537 2391 si
1570 2358 1705 2405 gran
1749 2347 1952 2393 cumulo
1997 2347 2047 2394 di

142 2422 262 2469 mali
294 2434 322 2469 e
350 2421 498 2469 tanta
528 2422 712 2469 rovina
744 2421 796 2468 di
827 2420 1012 2479 anime,
1047 2433 1078 2466 a
1109 2415 1320 2467 can'sare
1351 2421 1400 2466 la
1432 2421 1582 2479 quale
1614 2419 1863 2467 sarerfimo
1885 2421 2047 2469 anche

142 2496 351 2555 disposti
382 2496 433 2543 di
464 2496 583 2543 dare
614 2497 664 2542 la
698 2495 831 2543 vita:
867 2495 959 2542 Noi
992 2495 1101 2553 che,
1134 2495 1356 2542 tenendo
1387 2495 1518 2541 sulla
1554 2497 1707 2542 Terra
1737 2496 1783 2542 le
1825 2496 1934 2543 veci
1967 2496 2046 2543 del

142 2571 346 2618 Pastore
369 2570 562 2629 etern0,
581 2570 848 2636 dobbiamo
868 2567 959 2629 piu
980 2569 1073 2616 che
1094 2569 1220 2628 ogni
1242 2568 1369 2616 altro
1392 2581 1554 2616 essere
1585 2570 1890 2623 inflammati
1919 2570 2047 2616 dello

84 2647 91 2651 '
144 2646 248 2692 zelo
279 2645 410 2692 della
440 2644 569 2691 Casa
600 2644 651 2691 di
681 2644 791 2703 Dio,
825 2643 881 2690 Oi
922 2656 1284 2702 proponemmo
1331 2643 1381 2689 di
1425 2644 1579 2691 dover
1626 2644 1832 2702 seguire
1880 2645 2048 2704 quella

146 2720 229 2767 via
257 2732 286 2767 e
316 2719 433 2780 quel
479 2719 645 2778 mod0,
695 2718 788 2765 che
833 2717 1169 2767 sembrassero
1200 2718 1290 2778 piu
1322 2718 1436 2765 utili
1467 2719 1529 2765 ed
1561 2719 1835 2778 opportuni
1866 2720 1914 2765 al
1947 2720 2048 2766 fine

145 2795 197 2842 di
226 2806 375 2854 porre
404 2793 574 2852 riparo
606 2806 636 2840 a
664 2793 800 2841 tanti
847 2793 1007 2840 danni
1053 2794 1185 2842 della
1236 2793 1432 2842 Chiesa.
1467 2795 1505 2839 E
1536 2806 1703 2853 spesse
1735 2794 1869 2842 volte
1901 2795 2049 2842 rivol-

145 2869 315 2928 gendo
346 2868 644 2916 nell'animo
688 2869 856 2929 quella
896 2870 1137 2925 sentenza
1179 2869 1396 2917 d‘Isaia:
1440 2887 1461 2911 «
1492 2871 1563 2916 Fa
1594 2869 1842 2929 consulte,
1877 2872 2050 2918 aduna

145 2943 383 3004 Concilii3
416 2958 440 2990 »
474 2945 536 2992 ed
567 2944 778 2992 insieme
799 2945 1180 3006 considerandO,
1219 2945 1311 2993 che
1343 2946 1445 2993 cosi
1478 2946 1603 2993 fatto
1635 2947 1846 2994 rimedio
1877 2948 1935 2994 fu
1967 2949 2046 2994 dai

145 3019 312 3067 Nostri
344 3019 685 3066 Predecessori
716 3019 1137 3068 salutevolmente
1167 3033 1330 3068 messo
1362 3021 1417 3066 in
1449 3034 1602 3080 opera
1624 3023 1755 3069 nelle
1776 3021 1866 3081 piu
1889 3023 2041 3082 gravi

146 3093 394 3141 necessita
423 3094 554 3141 della
585 3094 881 3153 repubblica
911 3095 1171 3156 cristiana,
1204 3096 1334 3155 dopo
1364 3097 1566 3156 lunghe
1597 3097 1885 3156 preghiere,
1920 3098 2047 3156 dopo

148 3168 516 3216 consultazioni
546 3169 671 3217 fatte
704 3169 781 3216 coi
823 3169 990 3218 Nostri
1036 3171 1327 3219 Venerabili
1367 3171 1572 3219 Fratelli
1619 3171 1874 3219 Cardinali
1920 3173 2049 3219 della

148 3242 307 3290 Santa
346 3243 575 3291 Romana
620 3243 818 3304 Chiesa,
852 3245 980 3304 dopo
1011 3258 1132 3294 aver
1163 3247 1325 3294 anche
1356 3246 1664 3294 domandato
1696 3247 1730 3292 il
1772 3259 1950 3306 parere
1993 3247 2044 3292 di

148 3316 290 3364 molti
318 3318 549 3378 vescovi,
583 3318 639 3365 Oi
671 3319 990 3368 risolvemmo
1022 3320 1073 3368 di
1105 3321 1360 3374 chiamare
1390 3333 1562 3386 presso
1594 3321 1773 3382 questa
1811 3321 2047 3368 Cattedra

214 3535 275 3597 (1)
308 3536 491 3586 Homil.
523 3538 647 3597 Ante
673 3536 815 3598 escit„
847 3545 907 3585 n⁰
939 3539 981 3596 1.
