2488 4290
2063 352 2116 397 321
2128 353 2146 398 l

248 461 378 507 sunt
414 447 559 507 inter
598 461 784 520 gentes
810 469 994 507 rerum
1026 454 1401 507 humanarum
1441 453 1825 521 fundamenta,
1870 458 2153 508 contendis

248 547 408 606 atque
446 541 708 593 decertas,

318 627 422 678 Sed
462 627 528 677 de
567 626 671 678 hac
711 633 818 678 tam
859 627 1007 692 gravi
1049 642 1210 679 causa
1248 627 1335 677 vix
1374 642 1472 678 nos
1523 627 1678 679 decet
1717 628 1957 692 amplius
1996 629 2155 680 verba

248 711 521 778 proferre,
593 713 690 777 qui
754 712 826 763 Te
889 713 955 763 de
995 714 1114 779 ipsa
1152 728 1262 762 non
1306 719 1414 762 tam
1458 712 1813 764 disserentem
1856 728 2022 778 quam
2064 714 2158 764 do-

247 802 458 849 centem
501 812 659 863 saepe
697 798 911 863 saepius
949 798 1284 849 audivimus.
1353 794 1463 848 Vox
1504 800 1710 848 etenim
1775 797 1891 849 Tua
1919 838 1934 863 ,
2000 800 2153 862 quasi

251 882 378 933 tuba
415 881 787 946 sacerdotaliS,
823 883 918 932 toti
958 881 1083 933 Orbi
1122 880 1380 947 clangens
1406 881 1778 948 proclamavit,
1813 883 1964 948 quod
2004 903 2024 929 «
2048 883 2160 934 sin-

249 963 427 1029 gulari
467 981 686 1031 prorsus
724 967 946 1017 divinae
987 967 1363 1018 Providentiae
1401 967 1638 1019 consilio
1678 968 1886 1019 factum
1937 967 2036 1029 sit,
2097 974 2158 1018 ut

247 1046 524 1103 Romanus
551 1051 816 1116 Pontifex,
859 1067 1021 1117 quem
1050 1051 1300 1104 Christus
1341 1053 1511 1103 totius
1535 1052 1805 1104 Ecclesiae
1828 1040 1962 1104 =suae
1989 1053 2158 1119 Caput

249 1138 612 1202 centrumque
651 1137 953 1199 constituit,
1001 1136 1217 1188 civilem
1259 1143 1632 1202 assequeretur
1669 1139 2038 1205 principatum
2065 1136 2151 1207 (1);

249 1223 316 1274 ab
353 1215 614 1272 omnibus
652 1221 818 1286 igitur
856 1222 1013 1273 nobis
1052 1237 1169 1272 esse
1209 1237 1306 1287 pro
1348 1223 1660 1273 certissimo
1705 1225 2006 1275 tenendum
2045 1238 2155 1274 non

248 1306 473 1358 fortuito
517 1305 624 1356 hoc
660 1306 1252 1372 regimentemporale
1294 1307 1521 1358 Sanctae
1559 1307 1682 1360 Sedi
1721 1310 2020 1371 accessisse,
2066 1309 2156 1358 sed

250 1408 311 1445 ex
346 1390 574 1458 speciali
613 1391 799 1462 divina
838 1391 1199 1457 dispositione
1260 1390 1345 1442 illi
1403 1408 1516 1444 esse
1558 1392 1858 1456 tributum,
1927 1394 2157 1458 longave

249 1491 519 1531 annorum
559 1476 713 1537 serie;
759 1477 1012 1527 unanimi
1053 1478 1307 1528 omnium
1364 1492 1664 1542 regnorum
1703 1485 1755 1531 et
1793 1480 2158 1545 imperiorum

203 1580 205 1582 ·
250 1577 551 1623 consensa,
594 1576 658 1612 ac
693 1575 865 1627 paene
905 1560 1172 1613 miraculo
1213 1563 1624 1614 corroboratum
1664 1571 1718 1614 et
1756 1570 2152 1615 conservatum.

319 1645 436 1699 Alto
475 1647 680 1713 pariter
717 1651 771 1697 et
808 1644 1043 1723 solemni
1085 1645 1306 1712 eloquio
1347 1645 1665 1700 declarasti:
1737 1671 1754 1692 «
1808 1650 1879 1700 Te
1943 1648 2158 1700 civilem

250 1733 527 1784 Romanae
563 1730 829 1783 Ecclesiae
868 1731 1243 1798 Principatum
1302 1733 1527 1798 eiusque
1587 1733 1916 1799 temporales
1955 1749 2160 1801 posses-

249 1817 425 1868 siones
464 1831 526 1868 ac
564 1817 702 1882 iura,
743 1831 883 1882 quae
921 1817 990 1868 ad
1028 1818 1349 1870 universum
1390 1817 1722 1870 catholicum
1762 1818 1956 1871 Orbem
1993 1820 2160 1885 perti-

249 2079 551 2145 combattete
582 2092 671 2139 per
699 2080 750 2127 16
779 2079 1028 2140 religione
1059 2079 1221 2141 bensl,
1244 2094 1328 2127 ma
1360 2082 1407 2128 al
1439 2083 1609 2141 tempo
1640 2083 1814 2139 stes80,
1846 2095 1937 2143 per
1967 2085 2016 2130 la
2038 2082 2152 2142 giu-

249 2152 391 2199 stizia
423 2165 450 2199 e
479 2165 570 2212 per
600 2154 717 2213 quei
750 2154 912 2201 diritti
943 2154 1035 2201 che
1066 2166 1191 2201 sono
1214 2154 1231 2200 i
1251 2155 1568 2202 fondamenti
1591 2156 1718 2202 delle
1741 2155 1928 2204 societa
1947 2169 2151 2204 umane.

307 2226 390 2272 Ma
417 2227 624 2274 intorno
656 2239 687 2273 a
718 2226 760 2273 81
791 2239 953 2286 grave
985 2231 1288 2287 argomento
1320 2241 1350 2274 a
1382 2229 1467 2275 noi
1491 2230 1638 2289 quasi
1681 2243 1785 2277 non
1829 2232 2076 2278 conviene
2121 2231 2152 2275 il

246 2301 444 2360 parlare
474 2300 565 2359 piu
605 2313 635 2347 a
673 2302 855 2361 lungo,
902 2301 1126 2361 dopoche
1171 2303 1404 2349 abbiamo
1435 2303 1578 2350 udito
1611 2304 1704 2350 Voi
1725 2305 2036 2363 ragionarne
2067 2305 2157 2363 piu

249 2375 382 2421 volte
412 2386 553 2422 come
582 2375 819 2422 maestrO.
854 2375 1178 2434 Imperocche
1209 2377 1258 2422 16
1289 2377 1472 2424 Vostra
1494 2390 1636 2437 voce,
1661 2391 1691 2424 a
1713 2380 1865 2436 guisa
1887 2380 1938 2426 di
1958 2380 2158 2426 tromba

249 2448 579 2507 sacerdotale,
624 2449 912 2508 squillando
952 2462 982 2495 a
1018 2449 1154 2496 tutto
1191 2450 1226 2495 il
1263 2451 1467 2509 mond0‚
1506 2451 1731 2499 dichiaro
1770 2465 1973 2500 «essere
2010 2466 2159 2500 avve-

247 2522 375 2569 nuto
403 2535 495 2581 per
526 2522 927 2582 singolarissimo
959 2524 1209 2583 consiglio
1243 2524 1372 2570 della
1404 2525 1580 2572 divina
1611 2526 1975 2585 Provvidenza‚
2009 2527 2101 2573 che
2123 2528 2154 2573 il

247 2596 475 2643 Romano
505 2596 777 2655 Pontefice‚
812 2597 1072 2644 costituito
1104 2597 1168 2643 da
1200 2595 1363 2644 Oristo
1396 2597 1533 2657 Capo
1565 2611 1592 2645 e
1624 2599 1810 2647 Centro
1845 2601 1895 2646 di
1930 2601 2067 2647 tutta
2108 2602 2157 2646 la

249 2680 343 2715 8116
375 2668 571 2729 0111686,
606 2671 935 2729 conseguisse
967 2670 1004 2716 il
1034 2670 1323 2730 principato
1355 2671 1534 2732 civile3
1569 2690 1590 2715 »
1628 2673 1812 2732 eppero
1843 2674 1907 2720 da
1929 2675 2014 2722 noi
2035 2675 2156 2721 tutti

247 2741 444 2789 doversi
473 2742 648 2790 tenere
678 2756 768 2802 per
799 2744 1096 2803 certissimo,
1131 2744 1224 2791 che
1256 2745 1305 2790 16
1337 2745 1498 2792 Santa
1530 2746 1673 2806 Sede,
1708 2761 1813 2794 11011
1835 2761 1925 2807 per
1947 2749 2155 2795 fortuito

223 2815 505 2863 accidente
535 2817 659 2864 ebbe
691 2819 872 2877 questa
902 2817 1180 2877 temporale
1211 2818 1459 2878 signorm,
1494 2833 1578 2866 ma
1610 2821 1705 2868 6116
1734 2834 1823 2880 per
1854 2823 2061 2881 ispecial
2083 2823 2154 2868 di-

246 2889 524 2947 sposizione
555 2890 606 2936 di
633 2890 729 2937 Dio
760 2903 790 2936 a
822 2891 908 2938 Lei
939 2891 996 2938 fu
1027 2903 1283 2951 concessa,
1317 2905 1344 2939 6
1375 2906 1466 2951 per
1496 2895 1664 2953 lunga
1687 2897 1814 2943 serie
1837 2896 2033 2955 d'anni,
2059 2909 2153 2944 con

247 2963 494 3011 unanime
536 2965 943 3012 consentimento
975 2965 1026 3012 di
1057 2966 1182 3013 tutti
1213 2967 1230 3012 i
1261 2968 1416 3026 regni
1456 2969 1519 3015 ed
1562 2969 1760 3030 imperi,
1808 2983 1835 3018 e
1874 2972 2020 3030 quasi
2062 2984 2156 3018 6011

248 3037 423 3096 aperto
453 3037 693 3086 miracolo
723 3039 771 3086 le
803 3039 862 3085 fu
892 3040 1206 3087 confermata
1236 3053 1264 3088 e
1295 3043 1614 3090 conservata.

305 3109 412 3156 0011
445 3111 546 3158 alte
578 3124 605 3159 e
636 3113 833 3158 solenni
873 3114 1044 3171 parole
1085 3114 1180 3160 Voi
1229 3114 1535 3163 dichiaraste
1580 3117 1890 3175 parimente:
1932 3137 1953 3162 «
1986 3120 2156 3167 Essere

248 3183 339 3228 Voi
370 3183 580 3231 risoluto
610 3196 641 3230 a
672 3185 1075 3234 costantemente
1107 3187 1365 3236 difendere
1396 3201 1422 3236 e
1457 3201 1760 3238 conservare
1792 3192 1958 3239 intero
1989 3193 2050 3240 ed
2082 3193 2156 3241 in-

247 3256 433 3304 violato
462 3258 498 3304 il
529 3258 677 3306 civile
710 3259 1001 3319 Principato
1033 3260 1162 3308 della
1193 3260 1374 3309 Ohiesa
1417 3264 1646 3311 Romana
1691 3277 1719 3311 e
1760 3266 1776 3311 i
1820 3267 1929 3314 suoi
1967 3268 2157 3326 tempo·
2235 3275 2240 3280 '

305 3474 369 3535 (1)
404 3477 521 3524 Litt.
556 3479 651 3537 Ap.
685 3491 832 3537 xxm,
870 3482 1014 3526 mart.
1055 3480 1187 3538 1860,
1221 3495 1269 3541 p.
1306 3481 1351 3538 3,
1386 3482 1433 3541 53
1468 3483 1719 3531 Allocutio
1751 3496 1823 3530 xx
1855 3483 1963 3530 iun.
2000 3483 2147 3543 1859,

245 3556 295 3606 p.
328 3549 375 3609 63
409 3551 618 3608 Encycl.
651 3565 763 3611 xm,
796 3553 906 3600 iun.
944 3554 1078 3613 1860,
1112 3567 1161 3613 p.
1196 3553 1244 3614 4;
1280 3557 1696 3622 Allocutiovan,
1730 3557 1836 3605 dec.
1872 3557 2002 3606 1860.
