2488 4290
2042 280 2131 327 115

217 389 364 443 sium
403 383 698 448 columbe,
766 381 1032 436 Ioannem
1093 381 1340 435 Simeoni
1361 420 1379 448 ,
1444 380 1714 434 Aloisium
1750 382 2016 447 -Pericoli,
2080 391 2135 436 et

216 471 571 528 Dominicum
607 466 876 522 Bartolini
938 468 1160 521 Nostros
1218 472 1273 519 et
1331 466 1509 535 huius
1571 466 1915 533 Apostolicae
1979 467 2137 522 Sedis

214 558 641 618 ProtonotariOS,
687 555 868 621 eisque
909 553 1269 619 adiungimus
1307 552 1548 604 Dilectos
1588 552 1760 606 Filios
1797 551 2134 606 Salvatorem

216 644 500 698 Pallottini
529 648 584 695 et
607 642 956 694 Franciscum
984 640 1138 692 Santi
1166 639 1488 707 Advocatos;
1531 640 1626 705 qui
1662 638 1901 692 Notariis
1929 640 2136 693 eisdem

217 730 539 785 adiutricem
580 743 803 795 operam
842 732 1059 779 navent.

359 816 406 868 4.
451 815 794 867 Scrutatores
834 813 1281 879 Suffragiorum,
1344 810 1581 865 Dilectos
1643 809 1813 863 Filios
1870 808 2138 864 Aloisium

221 901 455 956 Seraflni
497 907 549 953 et
584 899 935 952 Franciscum
973 898 1136 951 Nardi
1174 912 1465 950 causarum
1526 895 1720 948 Palatii
1781 895 1963 949 Nostri
2001 896 2141 964 Apo-

221 988 407 1041 stolici
442 987 759 1051 Auditores3
827 984 1102 1036 Aloisium
1141 981 1438 1047 Pellegrini
1490 988 1541 1035 et
1595 982 1943 1034 Leonardum
1979 981 2141 1034 Dialti

215 1075 436 1128 Nostrae
477 1073 734 1124 Gamerae
770 1068 1109 1139 Apostolicae
1148 1067 1386 1121 Clericos
1407 1085 1422 1136 ;
1468 1067 1724 1120 Carolum
1765 1067 2047 1120 Cristofori
2088 1074 2143 1119 et

218 1160 591 1213 Alexandrum
627 1156 872 1210 Montani
910 1155 1238 1222 Signaturae
1274 1154 1523 1207 Iustitiae
1561 1152 1849 1220 Votantes;
1910 1153 2142 1205 Frideri-

219 1261 342 1298 cum
385 1246 452 1298 de
491 1242 716 1297 Falloux
748 1243 824 1295 du
851 1242 1103 1308 Coudray
1138 1240 1362 1294 Nostrae
1400 1238 1774 1293 cancellariae
1802 1237 2139 1308 Apostolicae

194 1334 550 1398 —Regentem,
621 1336 675 1383 et
732 1328 1094 1380 Laurentium
1147 1326 1286 1380 Nina
1342 1325 1789 1379 Abbreviatorem
1846 1340 1906 1377 ex
1945 1325 2141 1377 maiori

215 1418 408 1470 Parco.
451 1417 520 1468 Hi
559 1421 750 1469 autem
789 1420 909 1467 octo
948 1416 1279 1466 scrutatores
1317 1411 1375 1464 in
1413 1416 1652 1478 quatuor
1690 1411 1954 1463 distincta
1988 1411 2144 1478 paria

225 1503 545 1569 distributi,
613 1503 693 1554 ita
731 1502 798 1553 ad
838 1498 1156 1568 excipienda
1193 1497 1458 1563 suffragia
1494 1498 1830 1566 procedent,
1898 1502 1961 1549 ut
2009 1499 2139 1551 bina

219 1592 376 1659 paria
414 1604 593 1642 unum
644 1586 963 1641 Conciliaris
1017 1585 1188 1637 Aulae
1247 1584 1428 1650 latus,
1498 1583 1843 1650 totidemque
1906 1582 2139 1636 alterum

223 1677 455 1739 obeant,
526 1689 591 1726 ac
628 1678 911 1741 praeterea
948 1669 1171 1738 singula
1206 1671 1363 1738 paria
1400 1668 1647 1736 singulos
1685 1684 1745 1721 ex
1780 1668 2019 1722 Notariis
2057 1686 2143 1722 se-

222 1778 351 1815 cum
389 1762 596 1814 habere
637 1760 936 1826 debebunt,
982 1758 1117 1810 dum
1157 1757 1218 1809 in
1258 1771 1488 1809 munere
1525 1744 1811 1822 fungendo
1838 1761 2133 1808 versantur.

363 1847 411 1899 5.
455 1847 801 1899 Promotores
841 1842 1071 1897 Concilii
1093 1886 1107 1908 ,
1177 1842 1416 1895 Dilectos
1452 1841 1621 1894 Filios
1657 1840 1924 1895 Ioannem
1961 1842 2143 1909 Bapti-

221 1939 362 1987 stam
399 1934 467 1986 de
504 1929 982 1986 Dominicis-'Posti
1005 1972 1019 1995 ,
1086 1935 1138 1982 et
1174 1929 1499 1998 Philippum
1536 1925 1678 1980 Ralli
1718 1928 1768 1980 S.
1815 1927 2142 1982 Consistorii

219 2020 534 2073 Advocatos.

218 2346 402 2407 lomb0,
446 2343 705 2394 Giovanni
750 2343 993 2404 Simeoni,
1042 2341 1197 2404 Luigi
1246 2340 1468 2390 Pericoli
1498 2353 1526 2389 e
1556 2339 1832 2390 Domenioo
1873 2340 2139 2401 Bartolini,

223 2420 565 2470 Protonotarii
597 2419 766 2469 Nostri
797 2432 825 2467 e
856 2419 908 2466 di
940 2417 1122 2480 questa
1167 2416 1296 2465 Sede
1338 2415 1657 2476 Apostolica3
1705 2428 1733 2464 e
1771 2416 1877 2463 loro
1910 2415 2139 2476 aggiun-

206 2495 394 2555 ,giemo
438 2494 458 2541 i
509 2494 675 2543 diletti
717 2493 938 2554 figliuoli
990 2492 1254 2540 Salvatore
1309 2490 1571 2538 Pallottini
1601 2504 1628 2538 e
1659 2490 1940 2539 Francesco
1958 2488 2135 2549 Santi,

220 2568 486 2628 Avvocati,
517 2569 535 2615 i
560 2568 701 2630 quali
731 2567 958 2628 prestino
990 2567 1026 2614 il
1055 2568 1163 2614 loro
1184 2565 1325 2614 aiuto
1357 2565 1406 2612 ai
1438 2564 1702 2612 medesimi
1731 2563 1897 2612 Notai.
1982 2552 1986 2557 ’

192 2682 195 2683 ⁷
278 2644 324 2690 4.
352 2642 637 2693 Scrutatori
659 2642 740 2691 dei
770 2641 991 2702 suffragi
1021 2641 1040 2687 i
1071 2640 1236 2688 diletti
1258 2639 1480 2700 figliuoli
1513 2638 1668 2698 Luigi
1699 2637 1916 2686 Serafini
1936 2651 1964 2686 e
1986 2637 2143 2686 Fran-

220 2730 361 2767 cesco
406 2717 578 2777 Nardi,
627 2717 824 2765 Uditori
872 2716 998 2765 delle
1050 2728 1202 2764 cause
1234 2715 1314 2764 del
1347 2714 1530 2762 Nostro
1577 2715 1784 2762 Palazzo
1817 2712 2139 2773 Apostolico;

220 2792 376 2852 Luigi
405 2791 681 2852 pellegrini
712 2804 740 2840 e
771 2791 1034 2840 Leonardo
1065 2790 1239 2850 Dialti,
1276 2789 1495 2838 Chierici
1544 2789 1676 2837 della
1723 2787 1906 2836 Nostra
1935 2787 2148 2837 Camere.

222 2865 536 2927 Apostolica3
579 2866 725 2913 Carlo
767 2865 1026 2914 Cristofori
1056 2878 1084 2914 e
1116 2864 1426 2913 Alessandro
1478 2863 1729 2923 Montani,
1763 2862 1974 2911 Votanti
2014 2863 2146 2911 della

222 2940 516 3001 segnatura
555 2940 613 2988 di
658 2940 932 3002 Giustizia3
979 2940 1217 2989 Foderico
1251 2940 1314 2987 de
1346 2938 1567 2987 Falloux
1618 2938 1689 2986 du
1719 2937 1979 2998 Ooudray,
2013 2938 2146 2997 Reg-

221 3016 382 3076 gente
401 3016 533 3065 della
551 3016 735 3066 Nostra
754 3015 1066 3065 Cancelleria
1097 3015 1416 3076 Apostolica3
1450 3026 1478 3062 e
1510 3014 1735 3062 Lorenzo
1769 3013 1921 3072 Nina,
1957 3012 2147 3061 Abbre-

221 3091 414 3140 viatore
445 3092 525 3140 del
555 3093 711 3140 Pareo
742 3091 1026 3151 Maggiore.
1061 3090 1238 3148 Questi
1268 3091 1375 3138 otto
1409 3088 1699 3138 Scrutatori
1734 3088 1835 3148 poi,
1867 3087 2146 3136 distribuiti

221 3166 277 3212 in
309 3166 513 3227 quattro
544 3166 752 3214 distinte
783 3165 976 3226 coppie,
1009 3166 1391 3225 procederanno
1439 3177 1470 3211 a
1511 3164 1736 3212 ricevere
1772 3163 1788 3209 i
1819 3162 2056 3222 suffragi,
2088 3162 2144 3208 in

223 3241 378 3300 guisa
407 3242 500 3290 che
531 3242 630 3290 due
661 3240 837 3300 coppie
867 3251 1172 3299 percorrano
1203 3240 1348 3288 l'uno
1364 3274 1377 3300 ,
1419 3252 1447 3287 e
1477 3239 1523 3287 le
1554 3238 1682 3286 altre
1715 3238 1813 3285 due
1843 3237 2012 3285 l’altro
2042 3237 2145 3283 lato

225 3315 478 3364 dell’Aula
506 3316 817 3376 Conciliare3
858 3315 921 3363 ed
951 3314 1135 3362 inoltre
1164 3315 1213 3363 le
1247 3314 1450 3374 singole
1483 3313 1663 3374 coppie
1695 3313 1961 3361 dovranno
1992 3324 2142 3359 avere

225 3389 337 3440 seco
367 3391 402 3438 il
432 3393 538 3439 loro
568 3391 748 3439 Notaio
778 3389 978 3455 mentre
1011 3388 1278 3449 compiono
1308 3390 1345 3435 il
1376 3389 1484 3436 loro
1516 3388 1704 3437 ufflcio.

283 3465 330 3513 5.
364 3465 642 3514 Promotori
673 3466 753 3514 del
783 3464 1008 3513 Concilio
1038 3463 1057 3509 i
1088 3462 1251 3512 diletti
1275 3463 1503 3523 figliuoli
1534 3462 1793 3511 Giovanni
1821 3460 2038 3512 Battista
2067 3461 2139 3508 De

225 3539 656 3593 Dominicis-'Posti
675 3552 712 3591 e.
734 3539 928 3602 Filippo
960 3537 1108 3601 Rani,
1142 3537 1391 3590 Avvocati
1422 3537 1777 3588 concistoriali.
2093 3568 2096 3572 -
