2488 4290
360 318 448 368 108

1291 456 1350 509 Π.

893 621 957 669 De
994 620 1106 669 iure
1143 626 1187 668 et
1223 599 1365 666 modo
1400 614 1728 682 proponendi.

425 781 571 832 Licet
607 781 699 830 ius
736 782 787 829 et
824 791 1029 829 munus
1080 773 1427 842 proponendi
1452 805 1455 807 -
1479 775 1734 838 negotia,
1799 790 1936 840 quae
1974 775 2034 826 in
2063 775 2268 827 *Sancta

355 866 717 919 oecumenica
753 862 973 928 Synodo
1016 860 1236 912 tractari
1273 859 1597 923 debebunt,
1664 860 1731 911 de
1793 861 1971 926 iisque
2034 862 2268 912 Patrum

354 951 654 1006 sententias
692 948 922 1013 rogandi
962 946 1187 996 nonnisi
1227 946 1296 996 ad
1333 944 1470 1010 Nos,
1516 946 1674 997 et‘ad
1714 945 1859 998 hanc
1894 947 2265 1013 Apostolicam

353 1038 546 1090 Sedem
583 1036 877 1102 pertineat,
922 1030 1297 1082 nihilominus
1325 1046 1437 1081 non
1466 1031 1631 1081 modo
1660 1037 1931 1098 optamUS,
1973 1033 2070 1084 sed
2097 1034 2278 1086 etiam*

354 1123 658 1183 hortamur,
704 1125 767 1170 ut
805 1119 850 1168 si
886 1119 982 1183 qui
1018 1118 1168 1167 inter
1207 1115 1438 1167 Concilii
1474 1117 1660 1168 Patres
1706 1115 1916 1182 aliquid
1953 1134 2270 1185 proponen-

361 1208 495 1258 dum
535 1204 854 1268 habuerint,
896 1202 1043 1268 quod
1083 1202 1150 1252 ad
1188 1200 1465 1267 publicam
1492 1200 1797 1253 utilitatem
1825 1202 2072 1254 conferre
2109 1219 2267 1268 posse

359 1293 694 1353 existiment,
741 1289 797 1339 id
836 1289 1014 1340 libere
1056 1288 1249 1353 exequi
1289 1288 1477 1340 velint.
1526 1288 1661 1338 Cum
1698 1303 1828 1340 vero
1865 1290 2030 1355 probe
2064 1291 2272 1357 perspi-

356 1380 566 1430 ciamus
604 1377 750 1427 hanc
786 1376 971 1442 ipsam
1023 1389 1140 1425 rem
1164 1416 1177 1437 ‚
1246 1373 1359 1424 nisi
1422 1388 1666 1438 congruo
1729 1380 1975 1441 ternpore
2014 1381 2067 1427 et
2103 1378 2268 1428 modo

356 1464 713 1529 perficiatur,
781 1477 894 1511 non
957 1475 1158 1527 parum
1215 1460 1521 1511 necessario
1562 1459 1951 1511 Conciliarium
1989 1463 2270 1524 actionum

360 1549 543 1601 ordini
584 1549 796 1599 officere
836 1561 1014 1614 posse,
1058 1545 1260 1597 idcirco
1301 1546 1595 1597 statuimus
1635 1547 1906 1598 eiusmodi
1943 1549 2270 1614 propositio-

358 1651 456 1687 nes
484 1636 562 1685 ita
589 1633 713 1685 fieri
752 1634 959 1694 debere,
1006 1639 1067 1683 ut
1094 1648 1284 1683 earum
1311 1631 1605 1698 quaelibet:
1641 1631 1694 1681 1⁰
1719 1634 1918 1699 scripto
1959 1626 2264 1702 mandetur,

358 1735 422 1771 ac
460 1719 730 1786 peculiari
768 1717 1192 1783 Congregationi
1232 1715 1631 1767 nonnullorum
1655 1757 1670 1782 ,
1723 1723 1839 1768 tum
1879 1718 1980 1770 VV.
2025 1721 2114 1770 FF.
2158 1720 2261 1772 NN.

361 1805 409 1856 S.
455 1807 512 1857 R.
556 1808 609 1856 E.
657 1803 1072 1869 Cardinalium,
1139 1808 1258 1853 tum
1317 1802 1522 1868 fynodi
1571 1804 1793 1854 Patrum
1832 1820 1863 1855 a
1899 1804 2063 1856 Nobis
2101 1805 2269 1871 depu-

360 1891 558 1942 tandae
596 1891 852 1957 privatim
893 1889 1218 1941 exhibeatur
1240 1904 1254 1954 3
1319 1887 1375 1938 20
1438 1888 1726 1955 publicum
1788 1892 1868 1942 rei
1929 1890 2267 1943 christianae

358 1976 567 2028 bonum
604 1992 729 2029 vere
768 1976 1057 2043 respiciat,
1130 1990 1243 2025 non
1281 1974 1621 2039 singularem
1659 1975 1939 2028 dumtaxat
1975 1976 2144 2027 unius
2179 1975 2268 2036 vel

1284 2250 1349 2306 ῘῘ.

827 2381 927 2438 ’ΒΘΖ
949 2381 1106 2438 ciritio
1127 2403 1150 2438 e
1182 2355 1265 2439 del
1294 2355 1431 2438 modo
1462 2380 1517 2439 di
1540 2404 1796 2452 proporra

414 2514 762 2581 Quantunque
793 2523 830 2567 il
861 2522 1016 2568 dritto
1047 2535 1075 2568 e
1104 2518 1314 2569 l’u'fficio
1347 2521 1398 2568 di
1430 2534 1671 2581 proporre
1701 2524 1924 2581 inegozi
1946 2525 2010 2570 da
2031 2518 2263 2572 trattarsi

356 2600 440 2644 nel
472 2597 618 2643 santo
650 2596 941 2643 ecumenico
973 2595 1180 2651 SinodO,
1213 2609 1240 2643 e
1273 2596 1323 2642 di
1344 2596 1665 2654 interrogare
1686 2609 1747 2643 su
1769 2598 1819 2645 di
1841 2598 1937 2644 essi
1958 2599 2004 2645 le
2026 2599 2263 2646 sentenze

357 2671 437 2717 dei
467 2670 633 2728 Padri,
668 2682 772 2716 non
805 2669 870 2714 ad
900 2670 1017 2715 altri
1049 2670 1140 2715 6116
1173 2682 1203 2714 a
1234 2670 1320 2716 noi
1351 2670 1413 2716 ed
1444 2682 1474 2715 a
1506 2671 1688 2730 questa
1710 2671 1996 2729 Apostolica
2018 2672 2145 2719 Sede
2177 2685 2270 2730 ap<

355 2744 630 2803 partenga,
662 2756 760 2801 pur
791 2743 1101 2790 nondimeno
1132 2756 1238 2791 non
1269 2744 1545 2791 solamente
1577 2744 1921 2805 desideriamo,
1970 2758 2055 2792 ma
2080 2743 2263 2793 altresi

357 2818 642 2875 esortiamo,
677 2817 769 2863 6116
801 2829 853 2863 se
884 2817 1055 2863 alcuni
1086 2817 1166 2863 fra
1195 2818 1212 2863 i
1243 2818 1392 2864 Padri
1425 2818 1503 2864 del
1537 2818 1760 2865 Concilio
1791 2820 2010 2865 abbiano
2046 2820 2262 2880 qualche

359 2902 475 2938 cosa
505 2903 536 2936 a
565 2902 821 2950 proporre,
854 2891 903 2935 la
933 2891 1082 2949 quale
1115 2904 1145 2936 a
1174 2890 1281 2937 loro
1319 2891 1545 2949 giudizio
1587 2904 1735 2950 possa
1773 2894 2043 2940 ridondare
2074 2907 2105 2939 a
2135 2894 2263 2952 pub*

360 2961 494 3010 blica
523 2963 712 3018 utilite,
745 2964 988 3022 vogliano
1008 2964 1135 3011 farlo
1154 2965 1500 3012 liberamente.
1525 2966 1606 3011 Ma
1628 2967 1841 3014 siccome
1862 2968 1960 3014 ben
1983 2969 2261 3027 veggiamo

356 3032 449 3084 6116
480 3038 657 3097 questo
689 3038 863 3097 stess0,
897 3050 949 3084 se
980 3051 1084 3085 non
1117 3039 1159 3084 si
1198 3051 1386 3097 esegue
1426 3038 1508 3086 nel
1551 3039 1720 3098 tempo
1762 3054 1789 3088 e
1832 3040 1915 3088 nel
1957 3043 2105 3088 modo
2145 3054 2262 3088 6011-

358 3111 597 3171 gruente,
641 3111 743 3169 puo
786 3123 891 3156 non
934 3110 1291 3170 leggermente
1332 3113 1641 3160 frastornare
1682 3115 1717 3159 il
1761 3115 2043 3161 necessario
2086 3116 2260 3162 ordine

359 3188 484 3233 delle
515 3186 679 3232 azioni
716 3185 1003 3245 Conciliari,
1048 3186 1150 3232 cosi
1193 3187 1476 3234 stabiliamo
1515 3188 1607 3235 che
1649 3189 1801 3235 simili
1843 3181 2176 3246 proposizio'ni
2217 3187 2259 3235 si

359 3260 589 3307 debbano
618 3260 726 3306 fare
757 3272 852 3306 con
886 3260 1064 3319 questo
1093 3261 1288 3316 tenore,
1333 3261 1424 3308 che
1455 3262 1695 3309 ciascuna
1725 3263 1776 3308 di
1798 3274 1932 3309 esse:
1968 3263 2017 3308 1Ο
2037 3262 2080 3308 si
2101 3263 2259 3309 metta

357 3334 413 3380 in
445 3334 602 3393 carta,
636 3347 662 3381 e
692 3334 1067 3392 privatamente
1099 3335 1141 3380 si
1173 3337 1417 3393 consegni
1451 3323 1516 3382 ad
1545 3349 1652 3382 una
1681 3337 1934 3394 peculiare
1963 3335 2259 3394 Congregae

357 3408 499 3455 zione
530 3408 581 3454 di
612 3409 716 3454 VV.
762 3407 856 3454 FF.
902 3409 1006 3455 NN.
1053 3408 1309 3454 Cardinali
1341 3411 1470 3456 della
1512 3410 1561 3456 S.
1607 3411 1665 3456 R.
1712 3409 1787 3469 (3.,
1827 3421 1854 3456 6
1895 3410 1946 3455 di
1989 3410 2137 3456 Padri
2180 3410 2258 3456 del

357 3482 561 3542 Sinodo,
592 3483 643 3529 la
673 3483 823 3542 quale
855 3481 970 3529 sara
1001 3482 1064 3528 da
1095 3483 1188 3530 Noi
1219 3495 1250 3529 a
1280 3483 1355 3530 cio
1388 3483 1659 3544 deputata3
1691 3483 1744 3532 20
1777 3483 1869 3531 che
1904 3483 2139 3542 riguardi
2177 3493 2259 3530 ve-

359 3556 587 3618 ramente
617 3557 652 3604 il
682 3557 810 3605 bene
843 3569 1057 3606 comune
1090 3557 1220 3605 della
1252 3557 1563 3619 cristianita‚
1602 3571 1628 3608 e
1660 3570 1764 3607 non
1807 3559 1864 3606 la‘
1898 3559 2004 3607 sola
2045 3558 2258 3619 speciale
