2488 4290
2029 309 2119 357 143

209 423 402 492 gratiis
447 421 826 492 spiritualibus
877 421 1469 476 excommunicationis
1535 434 1763 472 censura
1799 418 2116 485 plectuntur

0 496 19 582 ‘2
104 518 109 524 '
208 511 606 563 Constitutione
644 508 692 561 S.
736 509 818 561 Pii
856 509 899 560 V
939 511 1099 569 Quam
1132 510 1342 575 plenum
1379 507 1410 558 2
1447 506 1695 559 ianuarii
1741 503 1891 556 1554.

283 596 361 647 12.
406 595 736 660 Colligentes
790 594 1168 661 eleemosynas
1205 594 1432 645 maioris
1470 593 1633 659 pretii
1671 607 1770 658 pro
1815 590 2019 655 missiS,
2065 596 2118 641 et

206 697 269 734 ex
303 682 376 733 iis
413 682 634 734 lucrum
671 687 962 748 captantes,
1006 679 1259 732 faciendo
1299 694 1392 732 eas
1444 678 1706 731 celebrari
1745 677 1803 728 in
1842 674 1980 727 locis
2020 675 2115 727 ubi

205 768 488 820 Missarum
528 768 799 836 stipendia
837 768 1074 819 minoris
1106 766 1272 835 pretii
1310 780 1424 818 esse
1463 764 1655 817 solent.

280 854 357 905 13.
404 853 602 905 Omnes
652 855 750 920 qui
809 852 1379 906 excommunicatione
1430 849 1773 902 mulctantur
1809 850 1868 900 in
1909 848 2118 900 Consti·

208 939 519 992 tutionibus
545 938 594 990 S.
630 938 711 991 Pii
739 938 782 1009 V
816 939 1056 993 Admonet
1091 952 1181 990 ‘nos
1217 942 1410 1003 quarto
1445 933 1705 989 kalendas
1730 932 1917 1001 aprilis
1958 933 2114 998 1567,

204 1024 510 1077 Innocentii
547 1023 616 1075 IX
656 1027 788 1085 Quae
823 1025 882 1076 ab
923 1025 1016 1076 hac
1052 1023 1167 1075 Sede
1202 1023 1379 1090 pridie
1412 1037 1585 1074 nonas
1610 1019 1928 1072 novembris
1958 1017 2113 1083 1591,

205 1109 495 1162 Clementis
532 1109 640 1162 VIII
676 1111 750 1163 Ad
785 1112 995 1162 Romani
1032 1108 1293 1171 Pontificis
1333 1123 1508 1159 curam
1561 1107 1627 1158 26
1678 1106 1823 1157 iunii
1865 1104 2018 1166 1592,
2065 1108 2118 1154 et

202 1191 487 1247 Alexandri
542 1195 627 1247 VII
681 1197 816 1247 Inter
872 1202 1047 1246 ceteras
1099 1209 1249 1245 nono
1302 1192 1571 1245 kalendas
1620 1191 1936 1244 novembris
1979 1188 2115 1241 1660

205 1279 598 1332 alienationem
639 1286 692 1333 et
716 1279 1157 1332 infeudationem
1182 1278 1473 1331 Civitatum
1500 1284 1554 1330 et
1579 1279 1850 1330 Locorum
1877 1275 1927 1329 S.
1962 1276 2019 1327 R.
2055 1276 2110 1324 E.

205 1367 641 1431 respicientibus,
935 1356 940 1361 ’

280 1450 360 1504 14.
406 1451 710 1518 Religiosos
748 1456 1168 1518 praesumentes
1208 1450 1423 1504 clericis
1449 1457 1546 1503 aut
1570 1449 1729 1502 laicis
1757 1455 1904 1501 extra
1930 1463 2118 1500 casum

206 1537 546 1591 necessitatis
596 1537 1010 1591 Sacramentum
1062 1543 1335 1590 extremae
1394 1538 1678 1590 Unctionis
1716 1541 1814 1587 aut
1852 1534 2117 1586 Euchari-

206 1625 344 1677 stiae
382 1640 481 1691 per
516 1625 775 1677 viaticum
814 1625 1128 1677 ministrare
1167 1627 1368 1691 absque
1405 1624 1639 1677 Parochi
1679 1622 1918 1675 licentia.

280 1711 359 1763 15.
410 1712 754 1766 Extrahentes
799 1714 1006 1779 absque
1045 1712 1291 1778 legitima
1327 1713 1492 1764 venia
1542 1709 1802 1777 reliquias
1841 1725 1902 1761 ex
1941 1708 2117 1759 Sacris

206 1798 555 1850 Coemeteriis
593 1798 701 1849 sive
738 1798 1080 1851 Catacumbis
1119 1798 1276 1852 Urbis
1313 1800 1514 1851 Romae
1553 1798 1782 1863 eiusque
1828 1794 2107 1857 territorii,

206 1884 394 1949 eisque
432 1882 700 1934 auxilium
739 1882 824 1935 vel
862 1883 1107 1935 favorem
1146 1885 1483 1951 praebentes.

293 1969 372 2020 16.
437 1968 924 2022 communicantes
978 1984 1105 2021 cum
1164 1970 1637 2023 excommunicato
1696 1967 2033 2020 nominatim
2089 1981 2120 2016 a

205 2310 333 2356 altre
362 2309 535 2368 grazie
564 2308 833 2369 spirituali,
867 2321 990 2356 sono
1038 2307 1210 2368 colpiti
1262 2309 1396 2355 dalla
1441 2319 1658 2355 censura
1710 2308 1761 2353 di
1819 2306 2115 2354 scomunica

206 2395 295 2442 per
326 2384 376 2430 la
407 2383 748 2431 Costituzione
780 2383 831 2429 di
866 2383 916 2429 S.
952 2383 1039 2429 Pio
1070 2384 1113 2428 V
1147 2384 1304 2438 Quam
1325 2382 1549 2442 plenum,
1582 2382 1612 2428 2
1645 2381 1874 2440 gennaio
1923 2380 2055 2427 1554.

271 2457 342 2505 12.
397 2457 559 2514 Quelli
603 2457 695 2504 che
756 2458 1060 2516 raccolgono
1113 2456 1384 2504 elemosine
1441 2469 1532 2515 per
1578 2468 1739 2503 messe
1785 2469 1815 2501 a
1873 2453 1964 2514 piu
2019 2454 2120 2500 alto

209 2543 403 2590 prezzQ
436 2543 463 2578 e
494 2544 559 2578 ne
589 2531 851 2589 traggono
882 2531 1040 2590 lucr0‚
1074 2531 1288 2578 facendo
1310 2531 1533 2579 celebrar
1563 2531 1610 2578 le
1643 2542 1805 2577 messe
1828 2529 1913 2577 nei
1934 2529 2120 2587 luoghi

210 2606 338 2651 dove
366 2606 413 2652 10
442 2604 831 2663 elemosine-per
862 2605 909 2651 le
939 2617 1101 2652 messe
1134 2598 1367 2664 sogliono
1389 2616 1555 2652 essere
1586 2604 1637 2650 di
1670 2604 1836 2650 minor
1859 2614 2052 2661 preZZO.

267 2678 340 2726 13.
373 2679 511 2724 Tutti
543 2679 697 2738 quelli
727 2691 758 2725 a
788 2678 871 2724 cui
903 2678 931 2726 e
961 2678 1150 2726 inflitta
1179 2680 1230 2725 la
1267 2679 1561 2726 scomunica
1613 2679 1743 2726 dalle
1786 2677 2121 2725 Costituzioni

207 2754 259 2799 di
289 2752 392 2810 San
426 2752 512 2798 Pio
544 2753 587 2798 V
617 2751 851 2800 Admonet
882 2764 968 2800 nos
999 2754 1079 2801 del
1110 2754 1169 2801 29
1202 2766 1372 2800 marzo
1417 2754 1562 2814 15673
1598 2750 1664 2800 ni
1712 2753 2000 2800 Innocenzo
2048 2752 2122 2797 IX

210 2827 342 2882 Quae
362 2826 420 2874 ab
456 2826 546 2874 hac
585 2826 723 2886 Sede,
757 2826 838 2874 del
868 2828 897 2874 4
929 2827 980 2874 di
1012 2828 1289 2876 novembre
1323 2828 1468 2887 15913
1517 2828 1568 2876 di
1599 2827 1859 2876 Clemente
1892 2828 2010 2873 VIII
2043 2827 2121 2876 Ad

206 2899 415 2949 Romani
433 2899 689 2960 Pontzflcis
709 2911 903 2955 curam,
927 2901 1006 2948 del
1037 2901 1096 2949 26
1127 2901 1334 2961 81118110
1358 2902 1502 2962 1592;
1536 2915 1564 2950 0
1595 2903 1646 2949 di
1678 2902 1995 2949 'Alessandro
2027 2904 2122 2949 VII

205 2974 345 3022 Inter
365 2974 568 3032 aeterua,
603 2974 682 3022 del
711 2974 771 3021 24
802 2974 854 3020 (11
885 2974 1082 3023 ottobre
1113 2976 1247 3035 1660,
1283 2977 1614 3025 concernenti
1644 2977 1995 3026 l’alienazione
2018 2990 2046 3024 e
2072 2978 2122 3023 la

205 3047 559 3096 infeudazione
590 3047 721 3094 della
749 3046 875 3094 citta
904 3060 932 3096 e
963 3048 1043 3097 dei
1071 3049 1253 3109 11108111
1285 3049 1338 3096 di
1367 3049 1418 3097 S.
1454 3052 1513 3097 R.
1548 3051 1746 3100 Ohiesa.

269 3121 342 3168 14.
378 3122 400 3167 I
430 3121 656 3180 religiosi
686 3120 781 3168 che
812 3132 1118 3179 presumono
1150 3123 1201 3170 di
1246 3124 1623 3172 amministrare
1655 3125 1705 3171 ai
1736 3126 1943 3174 chierici
1975 3128 2038 3174 od
2071 3128 2119 3173 ai

205 3194 341 3254 laici,
370 3195 504 3242 fuori
535 3195 615 3243 del
645 3206 762 3242 caso
793 3194 845 3242 di
875 3195 1141 3255 necessita,
1187 3196 1224 3243 11
1270 3198 1589 3246 sacramento
1635 3199 1973 3248 dell'estrema
2020 3202 2122 3248 Un-

208 3268 352 3316 zione
381 3281 411 3315 0
441 3268 844 3316 dell’Eucaristia
874 3282 961 3328 per
994 3268 1179 3318 viatico
1209 3283 1362 3318 senza
1390 3273 1440 3318 la
1470 3268 1663 3320 licenza
1695 3273 1774 3321 del
1806 3288 2032 3333 parroco.

270 3341 342 3389 15.
377 3342 540 3398 Quelli
571 3342 664 3389 che
693 3354 844 3390 senza
874 3343 1130 3402 legittimo
1161 3357 1415 3403 permesso
1446 3347 1764 3406 estraggono
1787 3348 1997 3408 reliquie
2039 3349 2124 3394 dai

213 3415 343 3463 sacri
374 3415 607 3475 cimiteri‚
640 3415 771 3464 ossia
802 3417 932 3464 dalle
979 3416 1270 3467 catacombe
1315 3419 1447 3467 della
1493 3419 1618 3467 citta
1665 3421 1716 3467 di
1762 3422 1922 3468 Roma
1966 3435 1995 3469 e
2042 3422 2122 3468 del

213 3500 306 3536 0110
327 3488 604 3548 ¹territoriO,
636 3502 665 3537 e
695 3490 850 3550 quelli
881 3490 973 3539 che
1003 3492 1110 3538 loro
1139 3493 1377 3551 prestano
1409 3494 1549 3541 aiuto
1581 3507 1610 3541 o
1640 3495 1829 3542 favore.

268 3562 341 3614 16.
373 3562 536 3626 Quelli
566 3562 658 3611 che
689 3563 1024 3613 comunicano
1055 3578 1150 3614 con
1182 3578 1398 3628 persona
1427 3569 1775 3618 scomunicata
1834 3567 2126 3621 nominata-
