2488 4290
1163 268 1181 295 ἱ

2106 337 2161 383 19

271 432 566 500 hominum
604 446 819 499 animos
857 444 1182 509 inflammet,
1213 457 1274 495 ac
1300 447 1547 495 errantes
1586 455 1778 493 omnes
1815 444 2026 507 potenti
2065 459 2167 496 sua

271 537 470 586 virtute
506 533 572 585 ad
611 530 876 583 salutaria
903 528 1135 582 consilia
1159 534 1451 591 convertat.
1494 527 1710 581 Vestrae
1737 533 1919 579 autem
1949 530 2165 594 pietatis

273 621 393 686 erit,
434 617 785 672 venerabiles
835 618 1066 682 Fratres,
1122 613 1263 667 illud
1313 614 1466 666 omni
1505 630 1604 681 ope
1642 629 1834 667 curare
1875 620 1937 665 ut
1976 616 2168 668 crediti

270 707 426 758 vobis
453 704 645 756 fideles
681 705 739 754 in
779 702 1090 768 cognitione
1126 702 1346 753 Domini
1383 701 1559 752 nostri
1596 700 1716 759 Iesu
1743 699 1941 751 Christi
1969 700 2028 752 in
2056 701 2171 754 dies

271 797 530 856 crescant,
571 793 814 856 Eumque
867 790 925 839 in
976 789 1323 840 Sacramento
1361 787 1599 853 Augusto
1635 793 1994 854 praesentem,
2041 803 2168 838 con-

221 900 224 905 ·
270 879 430 930 stanti
468 877 575 930 fide
612 883 960 942 venerentur,
1003 876 1286 927 redament
1324 891 1385 926 ac
1422 874 1736 940 frequenter
1774 873 2036 938 invisent,
2080 874 2168 923 ni-

269 962 463 1031 hilque
502 964 606 1015 erit
641 968 821 1014 vestro
849 961 1032 1014 studio
1060 977 1303 1028 curaque
1339 961 1562 1026 dignUS,
1604 975 1773 1026 quam
1813 964 1892 1024 ut,
1934 958 2167 1025 vigilan-

272 1051 418 1103 tibus
458 1049 526 1101 ad
564 1049 692 1100 Eius
730 1064 883 1100 aram
919 1047 1156 1113 ignibUS,
1199 1046 1395 1112 vigilet
1432 1028 1599 1099 etiam
1637 1047 1695 1097 in
1733 1045 1997 1098 cordibus
2038 1044 2170 1098 fide-

270 1137 412 1188 lium
450 1141 633 1201 gratus
671 1134 886 1201 pietatis
923 1149 1134 1199 sensuS,
1175 1131 1364 1199 vigilet
1399 1131 1725 1184 indeficiens
1763 1131 1987 1183 flamma
2024 1133 2166 1184 cari-

269 1224 411 1276 tatis,
456 1222 571 1283 Quo
607 1236 736 1274 vero
775 1220 996 1272 facilius
1020 1220 1159 1271 Deus
1186 1219 1253 1271 ad
1281 1219 1685 1272 obsecrationes
1724 1223 1937 1270 nostras
1972 1234 2165 1271 aurem

270 1325 427 1361 suam
464 1308 737 1375 propitius
775 1304 1020 1369 inclinet,
1066 1322 1281 1373 semper
1319 1312 1372 1357 et
1410 1306 1567 1357 enixe
1601 1309 1851 1372 petamus
1879 1304 2159 1371 suffragia,

268 1395 515 1462 primum
553 1392 783 1459 quidem
819 1392 1076 1459 Deiparae
1114 1391 1355 1457 Virginis
1380 1391 1576 1444 Mariae
1613 1390 2023 1456 Immaculatae,
2052 1407 2162 1457 quo

269 1480 491 1531 nullum
518 1479 663 1545 apud
682 1478 853 1531 Deum
879 1479 1162 1544 potentius
1188 1478 1583 1546 patrocinium;
1616 1478 1812 1530 deinde
1840 1477 2163 1530 Sanctorum

266 1565 651 1632 Apostolorum
687 1565 829 1616 Petri
867 1570 919 1616 et
955 1564 1114 1616 Pauli
1154 1580 1397 1631 quorum
1436 1564 1699 1618 Natalitia
1730 1565 1911 1637 ⁸acturi
1948 1580 2161 1629 sumne,

268 1669 370 1705 nec
405 1668 518 1704 non
557 1652 811 1703 omnium
849 1645 1114 1703 Caelitum
1152 1651 1502 1724 Sanctorum,
1535 1652 1633 1718 qui
1671 1667 1796 1703 cum
1835 1651 2046 1703 Christo
2084 1668 2168 1704 re-

267 1744 491 1805 gnantes
528 1739 587 1789 in
625 1737 802 1789 Coelis
840 1753 1074 1790 munera
1112 1739 1327 1791 divinae
1378 1739 1647 1805 largitatis
1690 1738 2019 1791 hominibus
2061 1754 2161 1792 sua

267 1825 651 1891 deprecatione
691 1823 1006 1878 conciliant.

336 1911 577 1977 Denique
612 1911 799 1977 Vobis,
842 1910 1190 1965 Venerabiles
1227 1913 1458 1978 FratreS,
1503 1928 1566 1966 ac
1605 1910 1729 1966 aliis
1768 1912 2029 1966 omnibus
2068 1912 2169 1965 Ve-

267 1996 606 2050 nerabilibus
643 1997 920 2052 Fratribus
960 1998 1362 2052 catholicarum
1404 2001 1661 2066 gentium
1697 1998 1990 2069 EpiscopiS‚
2033 2001 2168 2054 item

264 2357 431 2392 venne
460 2357 491 2392 a
521 2344 720 2404 portare
749 2344 804 2390 in
835 2342 986 2403 terra,
1010 2356 1038 2391 e
1068 2344 1194 2391 colla
1223 2355 1317 2391 sua
1347 2344 1553 2403 potente
1574 2344 1714 2395 virtu
1733 2344 1872 2394 torni
1888 2358 1919 2393 a
1937 2346 2151 2396 salutari

266 2420 484 2479 consigli
505 2419 629 2467 tutti
659 2419 736 2478 gli
767 2418 976 2466 erranti.
1012 2418 1136 2466 Sara
1166 2418 1249 2478 poi
1281 2419 1412 2467 della
1440 2420 1578 2479 pieta
1608 2421 1794 2481 vostra,
1818 2434 1847 2469 0
1879 2422 2166 2471 Venerabili

265 2493 484 2554 Fratelli,
516 2506 663 2553 porre
691 2493 747 2540 in
778 2492 855 2542 cio
886 2493 1013 2552 ogni
1045 2506 1168 2541 cura
1199 2494 1296 2542 che'
1320 2495 1339 2540 i
1370 2494 1517 2543 fedeli
1549 2509 1580 2543 a
1600 2496 1683 2543 voi
1704 2496 1897 2544 affidati
1919 2509 2158 2546 crescano

263 2569 390 2629 ogni
420 2568 604 2628 giorno
635 2567 768 2616 nella
800 2567 1101 2627 cognizione
1135 2569 1231 2616 dels
1247 2568 1436 2629 Signor
1468 2569 1641 2619 nostro
1663 2570 1799 2618 Gesu
1821 2570 2000 2633 Cristo,
2019 2585 2046 2620 e
2066 2573 2162 2621 Lui

262 2646 495 2704 presente
539 2643 888 2702 nell’augusto
934 2635 1260 2691 sacramento
1307 2657 1402 2692 con
1450 2645 1561 2693 fede
1606 2645 1834 2694 costante
1875 2648 2120 2696 venerino
2141 2685 2154 2710 ,

268 2718 439 2764 amino
489 2730 517 2765 e
565 2716 771 2764 visitino
813 2716 1281 2778 frequentemente3
1314 2731 1342 2766 e
1371 2720 1515 2766 nulla
1544 2719 1659 2767 sara
1688 2718 1779 2779 piu
1819 2721 1990 2780 degno
2034 2723 2164 2771 della

264 2791 434 2839 vostra
463 2804 586 2839 cura
616 2804 644 2839 e
673 2791 1020 2840 sollecitudine
1043 2791 1237 2852 quanto
1258 2792 1368 2853 ohe,
1392 2806 1532 2842 come
1555 2795 1796 2854 vegliano
1817 2797 1865 2842 al
1886 2808 1978 2844 suo
2000 2797 2158 2846 altare

268 2867 286 2912 i
318 2866 464 2925 lumi,
497 2864 597 2913 cosi
629 2866 769 2926 vegli
800 2877 985 2914 ancora
1014 2867 1098 2914 nei
1129 2867 1269 2915 cuori
1302 2867 1381 2915 dei
1411 2868 1558 2916 fedeli
1588 2870 1638 2915 la
1659 2869 1995 2931 gratitudine,
2020 2873 2162 2932 vegli

262 2941 312 2987 la
343 2953 447 2988 non
479 2940 744 2988 deficiente
774 2941 981 2987 flamma
1011 2941 1142 2989 della
1172 2941 1347 2990 carita.
1382 2942 1570 2992 Perche
1598 2944 1682 3003 poi
1712 2944 1804 2992 Dio
1836 2944 1925 3004 piu
1956 2946 2102 2995 facile
2131 2961 2158 2996 e

262 3014 353 3073 piu
383 3014 604 3074 propizio
636 3015 678 3061 si
707 3015 885 3074 pieghi
916 3016 1011 3063 alle
1043 3015 1214 3064 nostre
1245 3017 1523 3078 suppliche‚
1557 3030 1754 3078 sempre
1784 3033 1812 3068 e
1843 3021 2161 3070 caldamente

262 3089 747 3138 raccosnandiamoci
794 3091 892 3138 alla
935 3090 1294 3140 intercessione
1335 3093 1391 3139 in
1432 3094 1596 3153 prima
1626 3094 1755 3142 della
1784 3095 1955 3143 Madre
1986 3096 2037 3143 di
2067 3098 2159 3144 Dio

262 3164 487 3224 Vergine
507 3162 666 3211 Maria
687 3164 1030 3225 Immacolata‚
1054 3165 1133 3213 del
1155 3166 1238 3213 cui
1258 3166 1539 3226 patrocinio
1561 3166 1751 3216 ne‘ssun
1771 3168 1900 3216 altro
1921 3182 2157 3230 appresso

261 3238 353 3284 Dio
384 3236 412 3285 e
441 3236 532 3298 piu
562 3238 796 3299 potente3
829 3239 911 3299 poi
946 3239 1024 3287 dei
1055 3238 1199 3287 Santi
1232 3240 1456 3300 Apostoli
1486 3241 1652 3290 Pietro
1683 3256 1711 3291 e
1743 3244 1907 3304 Paolo‚
1929 3244 1966 3290 il
1998 3245 2154 3293 ouidi

262 3312 496 3360 natalizio
542 3313 700 3361 siamo
744 3327 833 3374 per
882 3314 1151 3375 celebrare,
1185 3328 1212 3363 e
1252 3316 1302 3363 di
1333 3316 1458 3365 tutti
1488 3317 1507 3362 i
1539 3316 1684 3365 Santi
1715 3319 1885 3367 celesti
1916 3319 2025 3379 che,
2058 3333 2155 3368 con

261 3386 423 3434 Cristo
465 3388 732 3448 regnando
778 3389 863 3437 nei
908 3389 1019 3436 cieli
1036 3424 1050 3449 ,
1085 3391 1208 3438 colle
1254 3391 1359 3438 loro
1406 3391 1676 3452 preghiere
1718 3392 2000 3454 ottengono
2043 3396 2150 3454 agli

259 3461 455 3508 uomini
493 3462 540 3509 le
581 3462 754 3522 grazie
795 3463 925 3511 della
965 3463 1143 3512 divina
1182 3464 1540 3514 Misericordia.

317 3535 482 3584 Inflne
510 3549 541 3584 a
570 3538 683 3596 voi,
715 3537 1003 3586 Venerabili
1035 3538 1236 3587 Fratelli
1256 3574 1269 3600 ,
1302 3541 1365 3588 ed
1412 3542 1519 3602 agli
1549 3542 1666 3591 altri
1698 3542 1819 3592 tutti
1862 3547 2147 3606 Venerabili

259 3608 461 3668 Fratelli
493 3611 703 3660 Vescovi
734 3611 811 3660 de’
834 3611 1000 3683 popoli
1029 3612 1266 3681 cattolici,
1300 3615 1362 3664 ed
1392 3616 1439 3665 a’
1461 3616 1608 3673 fedeli
1637 3617 1762 3675 tutti
1784 3621 2026 3672 confidati
2054 3622 2151 3673 alle
