2488 4290
301 305 387 371 102x

300 444 358 479 em
392 430 664 493 informata
702 434 998 484 conscientia
1053 431 1218 497 vulgo
1275 433 1432 484 dictis
1491 416 1807 486 decernitur
1869 451 1900 486 a
1966 421 2210 486 Concilio

301 513 620 580 tridentine,
665 532 707 568 c.
758 517 803 578 1,
851 533 977 569 sess
1025 519 1088 569 14
1128 520 1192 569 De
1227 521 1421 586 reform.
1485 520 1544 569 Et
1599 521 1736 571 circa
1783 520 1951 571 huius
2004 520 2207 570 decreti

299 614 525 651 sensum
565 608 620 652 et
657 602 1085 668 applicationem
1127 611 1274 654 estne
1301 604 1514 668 aliquid
1554 605 2142 656 animadvertendum?

373 685 454 735 15.
501 687 748 746 Quonam
787 689 956 738 modo
994 690 1240 755 Episcopi
1280 690 1633 740 iudiciariam
1695 705 1803 755 qua
1865 691 2079 755 pollent
2116 706 2212 756 po-

301 777 547 824 testatem
587 774 645 823 in
687 774 1081 839 cognoscendis
1120 774 1327 826 caussis
1368 774 1748 826 ecclesiasticis
1773 814 1791 841 ,
1857 778 2210 845 potissim-um

299 858 835 924 matrimonialibuS,
903 866 1220 923 exerceant,
1291 866 1345 909 et
1393 875 1630 925 quanam
1669 861 2005 925 procedendi
2046 869 2209 927 atque

300 941 694 1009 appellationes
731 944 1125 1010 interponendi
1165 945 1429 995 methodo
1470 942 1737 999 utantur?

374 1029 452 1080 16.
499 1029 774 1088 Quaenam
831 1029 978 1080 mala
1030 1031 1362 1094 proveniant
1424 1046 1486 1080 ex
1549 1031 1854 1082 domestico
1895 1032 2203 1095 famulam,

298 1130 466 1180 quem
505 1115 733 1166 familiis
773 1115 1057 1166 catholicis
1095 1122 1372 1182 praestant
1410 1131 1672 1181 personae
1695 1118 1705 1127 ⁸
1728 1115 1814 1167 vel
1875 1119 2033 1168 sectis
2090 1133 2214 1184 pro-

297 1201 512 1266 script1s
548 1200 635 1252 vel
674 1201 888 1253 haeresi
927 1202 1176 1252 addictae
1233 1201 1319 1251 vel
1379 1203 1541 1253 etiam
1582 1218 1694 1252 non
1756 1203 2089 1269 baptizatae:
2159 1210 2212 1254 et

201 1337 219 1352 ‚
299 1287 578 1351 quodnam
619 1287 765 1339 hisce
804 1287 967 1338 malis
1006 1294 1190 1354 posset
1229 1294 1535 1354 opportune
1577 1290 1889 1353 remedium
1933 1288 2142 1339 afferri?

371 1372 451 1422 17.
497 1372 771 1431 Quidnam
808 1374 953 1424 circa
989 1388 1138 1424 sacra
1175 1374 1497 1424 coemeteria
1534 1374 1912 1424 adnotandum
1953 1374 2040 1425 sit:
2082 1375 2210 1439 qui·
2276 1379 2277 1382 ’

298 1472 427 1508 nam
466 1458 571 1509 hac
609 1459 673 1510 de
711 1475 767 1510 re
806 1460 1012 1511 abusus
1050 1459 1370 1526 irrepserint
1409 1465 1463 1510 et
1498 1460 1777 1524 quomodo
1808 1458 1928 1515 toUi
1954 1455 2214 1526 possent?

286 1744 520 1804 formata
566 1744 858 1792 conscientia
898 1743 1046 1791 viene
1089 1742 1313 1789 stabilito
1357 1743 1440 1789 nel
1480 1740 1705 1788 Concilio
1737 1740 1788 1786 di
1821 1735 2035 1797 Trent0,'
2068 1750 2111 1784 c.
2150 1736 2174 1783 1
2193 1768 2206 1795 ,

299 1832 419 1866 sess
456 1820 529 1879 14,
565 1820 633 1865 De
653 1820 860 1880 reform,
895 1819 934 1863 E
967 1830 1116 1876 sopra
1146 1817 1181 1862 11
1213 1829 1360 1863 senso
1393 1830 1420 1863 e
1441 1815 1823 1875 l'applicazione
1846 1814 1895 1859 di
1918 1811 2096 1872 questo
2129 1812 2212 1858 de-

301 1894 438 1943 creto
468 1895 520 1941 vi
542 1893 570 1940 e
602 1894 744 1940 nulla
775 1894 840 1939 da
873 1904 1132 1940 osservare
1151 1890 1177 1937 52
1234 1942 1236 1944 ,

363 1970 437 2017 15.
472 1969 623 2015 Come
655 1967 924 2021 esercitino
954 1967 973 2013 i
1004 1966 1217 2013 Vescovi
1246 1967 1296 2012 la
1326 1965 1535 2024 podesta
1566 1963 1888 2023 giudiziaria,
1922 1961 2015 2008 che
2035 1961 2228 2006 hanno·

298 2058 387 2105 per
419 2055 685 2091 conoscere
715 2043 761 2089 le
792 2053 943 2088 cause
974 2040 1347 2088 ecclesiastiche
1380 2039 1739 2098 specialmente
1774 2035 2153 2093 matrimoniali,
2177 2046 2204 2080 e

300 2118 420 2179 qual
451 2117 651 2164 metodo
680 2117 830 2162 usino
862 2117 945 2161 nel
976 2115 1243 2174 procedere
1276 2128 1303 2161 e
1334 2115 1740 2172 nell'interporre
1773 2112 1849 2171 gli
1881 2107 2099 2168 appelli?

363 2193 439 2239 16.
475 2192 623 2248 Quali
645 2191 803 2237 danni
826 2202 1162 2248 provengano
1187 2189 1269 2235 dal
1291 2188 1564 2235 domestico
1586 2186 1797 2235 servizio
1818 2186 1911 2232 che
1933 2198 1962 2231 a
1982 2182 2211 2242 famiglie

301 2266 570 2313 cattolich‘e
601 2267 841 2322 presta-no
872 2276 1086 2323 persone
1117 2276 1145 2309 o
1178 2263 1378 2309 addette
1420 2274 1450 2307 a
1493 2261 1620 2309 sette
1663 2259 2011 2317 condannate,
2045 2270 2074 2303 o
2109 2268 2212 2303 ere-

302 2340 456 2399 tiche,
491 2353 520 2386 o
551 2339 714 2386 anche
747 2351 851 2385 non
883 2338 1187 2385 battezzate:
1222 2349 1249 2384 e
1281 2336 1430 2396 quale
1462 2336 1747 2394 opportuno
1788 2333 1999 2380 rimedio
2043 2332 2086 2378 si
2126 2343 2213 2390 po-

299 2415 477 2462 trebbe
508 2426 680 2462 recare
712 2427 743 2460 a
773 2413 941 2473 questi
972 2410 1134 2459 mali?

362 2488 434 2549 17.
469 2488 573 2536 Ohe
604 2488 678 2535 sia
711 2488 775 2534 da
807 2487 986 2534 notare
1031 2498 1179 2544 sopra
1220 2485 1238 2531 i
1279 2486 1409 2532 sacri
1453 2485 1731 2533 cemeterii:
1779 2482 1917 2543 quali
1961 2481 2106 2528 abusi
2143 2491 2212 2526 su
2256 2505 2258 2507 -

305 2562 482 2623 questo
512 2562 677 2620 punto
708 2562 851 2608 siano
883 2560 1028 2619 corsi,
1052 2572 1078 2606 e
1111 2571 1251 2606 come
1282 2559 1325 2605 si
1355 2569 1572 2616 possano
1602 2555 1855 2616 togliere?

873 3055 1389 3144 ——ssaaaa
1434 3088 1646 3102 —
