2488 4290
368 291 426 337 74

370 406 638 466 Patren,
679 415 710 452 a
747 398 935 454 Vestra
975 401 1311 469 exposcimus
1351 388 1741 466 misericordia,
1782 410 1843 455 ut
1880 390 2202 470 dignemini,
2236 416 2272 456 ε’

369 494 706 540 sacrosancto
745 489 931 540 Vestro
972 488 1231 554 ConciliO,
1273 489 1542 541 Hebraeos
1587 497 1810 555 paterna
1847 492 2088 557 quadam
2124 493 2262 543 invi-

374 575 576 626 tatione
615 577 959 641 praevenire;
1009 574 1097 625 tali
1137 577 1285 639 enim
1318 574 1676 638 indulgentia,
1711 576 1841 628 licet
1864 576 2089 630 fortasse
2115 577 2267 630 haud

371 667 481 711 tam
521 662 627 712 cito
666 668 894 712 ventura
929 663 999 712 sit
1041 661 1219 712 totalis
1259 677 1453 712 eorum
1509 663 1577 713 ad
1634 663 1905 716 Christum
1964 664 2269 725 conversiok

369 747 529 799 illum
587 748 945 798 imitabimini
1001 748 1157 812 pium
1212 755 1423 814 patrem
1482 750 1549 799 de
1606 765 1718 814 quo
1771 750 1848 800 ait
1899 747 2262 815 Evangelista:

382 855 401 882 «
445 834 603 895 Quam
641 834 802 884 adhuc
841 831 997 895 (filius
1037 833 1318 901 prodigus)
1356 834 1495 899 Zonye
1533 840 1678 898 esset,
1732 835 1863 886 vidit
1917 836 2063 886 illam
2107 838 2267 901 pater

366 921 543 986 ipsias,
604 924 653 970 et
708 917 1055 969 misericordia
1102 923 1266 969 motas
1320 923 1410 984 cst,
1474 924 1524 970 et
1581 917 1853 973 accurrens
1903 921 2082 972 cecidit
2117 906 2282 987 sapen

370 1007 553 1057 cottam
591 1006 711 1056 eius.

439 1094 650 1158 Utique,
693 1092 1232 1142 Eminentissimi
1270 1098 1337 1142 et
1377 1094 1955 1145 neverendissimi
1993 1098 2267 1157 Pan-es,

369 1180 595 1230 fratrum
658 1183 971 1230 nostrorum
1034 1177 1319 1231 efficaciter
1386 1179 1778 1232 miserebimini
1808 1220 1824 1245 ,
1892 1181 2022 1247 quia
2081 1178 2266 1231 Iudaei

368 1281 582 1330 semper
636 1272 764 1315 sunt
818 1266 922 1316 Deo
978 1265 1232 1316 carissimi
1277 1270 1496 1332 propter
1541 1271 1741 1333 patres,
1803 1267 1932 1342 quia
1987 1282 2051 1316 eo:
2087 1266 2159 1317 eis
2195 1269 2299 1316 est

375 1348 612 1401 Christus
649 1350 913 1401 secandum
949 1365 1165 1402 carnem.

438 1435 844 1498 Miserebimini‚
891 1451 1163 1488 memores
1201 1438 1611 1503 potentissimae
1651 1438 1819 1490 huius
1870 1436 2268 1490 adhortationis

369 1538 533 1588 quam
573 1523 639 1573 ad
677 1522 902 1573 Iudaeos
940 1523 1006 1573 ab
1046 1522 1381 1590 apostolatus
1407 1524 1566 1575 initio
1593 1525 1788 1610 direxit
1814 1525 1864 1577 S.
1898 1526 2111 1588 PetruS‚
2142 1529 2268 1575 ante

373 1610 526 1660 cuius
564 1606 876 1672 gloriosum'
899 1608 1214 1675 sepulcrum
1250 1625 1344 1660 vos
1382 1625 1532 1661 nunc
1570 1612 1995 1676 congregamini.

442 1694 855 1757 Miserebimini‚
898 1693 1066 1744 huius
1106 1696 1394 1761 participes
1434 1697 1688 1747 continui
1728 1695 1930 1748 doloris
1984 1712 2152 1762 quem
2179 1685 2274 1747 ‘sic

375 1781 530 1831 divus
568 1780 767 1830 Paulus
805 1779 1099 1832 exhalavit:
1147 1779 1394 1832 Tristitia
1428 1782 1549 1832 mila·
1585 1797 1765 1847 maana
1802 1776 1894 1848 est,
1925 1787 1974 1832 et
2012 1782 2276 1833 continuus

375 1867 520 1917 dolor
559 1866 698 1918 cordi
734 1881 869 1923 me0‚·
909 1865 1139 1931 optabam
1175 1881 1261 1931 eqo
1298 1867 1403 1933 ipse
1442 1868 1707 1918 anathema
1745 1883 1850 1920 esse
1887 1883 1918 1918 a
1950 1866 2158 1919 Christo
2173 1883 2275 1934 pro

366 1953 635 2017 fratribus
671 1952 804 2016 meiS,
845 1952 931 2015 qai
966 1956 1083 2002 sant
1121 1953 1323 2018 coenati
1357 1953 1451 2005 mei
1488 1954 1752 2006 secundum
1789 1969 1999 2019 carnem,
2045 1954 2276 2017 quisunt

374 2038 667 2090 Israelitae.

375 2239 510 2287 dalla
541 2240 714 2287 vostra
743 2240 901 2286 bonta
932 2238 1288 2287 domandiamo
1343 2219 1435 2287 che
1490 2241 1540 2287 vi
1586 2196 1833 2300 degniate
1875 2241 1959 2288 dal
1989 2241 2282 2289 sacrosante

376 2316 548 2362 vostro
580 2308 804 2361 Concilio
834 2316 1103 2372 prevenire
1134 2316 1212 2374 gli
1245 2315 1394 2361 Ebrei
1425 2328 1520 2361 con
1553 2328 1627 2361 un
1658 2315 1871 2373 paterno
1892 2316 2073 2376 invit03
2105 2316 2282 2374 poiche

377 2404 470 2437 con
502 2391 603 2436 tale
633 2390 948 2448 indulgenza
967 2425 980 2448 ,
1035 2389 1382 2449 quantunque
1434 2391 1565 2436 forse
1611 2403 1716 2436 non
1759 2390 1860 2436 cosi
1890 2390 2059 2448 presto
2087 2392 2165 2437 sia
2194 2403 2283 2450 per

377 2466 619 2512 avvenire
650 2466 701 2510 la
730 2464 886 2510 totale
917 2465 1023 2510 loro
1056 2465 1391 2524 conversione
1425 2477 1455 2510 a
1485 2464 1650 2510 Cristo
1669 2500 1682 2523 ,
1735 2461 1987 2512 imiterete
2034 2466 2153 2523 quel
2199 2465 2283 2523 pio

377 2541 533 2597 padre
565 2540 618 2585 di
646 2540 732 2586 cui
762 2541 906 2597 parla
939 2539 1338 2598 l'Evangelista:
1385 2538 1598 2586 Essendo
1645 2550 1826 2587 ancora
1859 2539 1911 2599 (il
1941 2540 2143 2598 figliuol
2173 2551 2285 2597 pro-

378 2609 519 2673 digo)
554 2614 749 2661 lontano
767 2650 780 2673 ,
832 2614 878 2659 lo
909 2613 1020 2660 vide
1050 2613 1093 2660 it
1114 2613 1275 2672 padre
1305 2625 1410 2667 suc,
1441 2624 1466 2658 e
1487 2613 1745 2673 sa‘mosso
1777 2613 1842 2660 da
1872 2614 2196 2673 compassione
2215 2651 2228 2668 ‚
2259 2624 2285 2659 e

378 2688 646 2746 aecor-scyti
675 2688 896 2735 incontro
922 2688 1000 2746 qli
1032 2687 1185 2734 cadde
1215 2699 1363 2746 sopra
1391 2687 1434 2733 il
1465 2686 1603 2734 collo.

438 2761 490 2807 Si
514 2797 527 2819 ‚
580 2761 968 2807 eminentissimi
1021 2775 1049 2808 e
1101 2761 1510 2808 reverendissimi
1566 2762 1717 2807 Padri
1744 2797 1757 2821 ,
1811 2761 2014 2809 abbiate
2064 2762 2285 2809 efficace-

379 2836 549 2882 mente
580 2836 717 2893 pieta
749 2836 828 2882 dei
860 2835 1048 2882 fratelli
1081 2836 1258 2907 nostri,
1283 2835 1460 2893 poiche
1481 2835 1559 2894 gli
1580 2837 1955 2898 Ebreilsempre
1986 2848 2110 2882 sono
2130 2849 2161 2882 a
2191 2835 2285 2882 Dio
2366 2889 2367 2893 Ἰ
2450 2834 2451 2838 ’

381 2910 636 2957 carissimi
660 2911 743 2969 pei
765 2911 924 2969 padri
955 2911 1076 2970 lorO,
1118 2910 1301 2967 perche
1332 2910 1398 2958 da
1426 2910 1528 2957 essi
1558 2910 1582 2957 ἑ
1616 2910 1782 2958 Cristo
1811 2911 2008 2959 secondo
2039 2912 2092 2958 la
2120 2922 2282 2959 carne.

442 2983 657 3030 Abbiate
687 2984 841 3044 pieta,
890 2985 1102 3031 memori
1133 2985 1185 3030 di
1222 2986 1391 3044 quella
1436 2984 1788 3042 potentissima
1833 2985 2144 3032 esortazione
2191 2985 2283 3032 che

382 3059 490 3117 agli
523 3059 668 3105 Ebrei
699 3059 886 3106 diresse
915 3061 988 3104 fin
1021 3059 1105 3105 dal
1138 3059 1389 3117 principio
1417 3060 1496 3106 del
1528 3072 1620 3105 suo
1651 3059 1931 3117 apostolato
1961 3060 2064 3106 San
2096 3059 2282 3118 Pietr0,
2324 3056 2331 3061 ’
2414 3057 2418 3059 ⁴

382 3131 589 3178 dinanzi
620 3134 668 3178 al
699 3133 784 3178 cui
816 3134 1038 3191 glorioso
1071 3134 1294 3190 sepolcro
1325 3146 1412 3179 ora
1443 3133 1527 3180 voi
1558 3134 1681 3180 siete
1716 3133 2042 3192 congregati.

446 3206 661 3254 Abbiate
694 3206 831 3266 pieta
852 3242 864 3266 ‚
920 3207 1172 3266 partecipi
1224 3208 1276 3253 di
1323 3208 1443 3267 quel
1484 3208 1729 3255 continuo
1770 3210 1940 3255 dolore
1984 3208 2069 3255 cui
2111 3208 2168 3254 in
2213 3208 2285 3254 tal

385 3282 540 3341 guisa
570 3281 840 3328 manifesto
870 3282 906 3326 il
938 3282 1112 3329 divino
1143 3285 1320 3330 Paolo:
1376 3284 1483 3330 Una
1524 3294 1655 3342 „oran
1686 3283 1922 3331 tristezza
1951 3283 2010 3330 ed
2039 3293 2109 3329 im
2138 3282 2287 3330 conti-

386 3369 482 3404 nuo
513 3354 679 3404 dolore
709 3356 790 3403 sta
819 3356 899 3403 nel
930 3357 1026 3403 mio
1056 3369 1201 3404 cuore
1213 3376 1232 3414 ,·
1282 3359 1329 3405 io
1374 3358 1526 3406 stesso
1557 3357 1848 3405 desiderava
1877 3368 2033 3404 essere
2063 3357 2287 3405 anatema

389 3430 455 3478 da
488 3430 656 3479 Gristo
675 3431 762 3491 pei
776 3429 993 3491 fratelli
1020 3432 1154 3491 miei,
1187 3431 1269 3479 che
1299 3433 1370 3481 mi
1399 3444 1511 3480 sono
1531 3432 1781 3492 constanti
1811 3431 2008 3480 secondo
2039 3432 2092 3479 ta
2114 3430 2284 3492 carne,

389 3504 531 3569 quati
560 3517 671 3555 sono
696 3505 773 3568 ,oli
803 3504 1048 3555 Israeliti.
