2488 4290
1195 530 1391 626 ΧΠ.

347 778 728 847 INDIRIZZO
780 786 906 847 DEI
951 785 1437 849 PORTOGHESI
1492 788 1856 853 PRESENTI
1900 790 1978 854 IN
2020 790 2238 855 ROMA

668 901 1032 997 presentato
1079 899 1137 963 al
1184 903 1374 964 Santo
1420 900 1619 965 Padre
1665 903 1776 966 Pio
1823 905 1913 967 IX.

417 1255 553 1321 Fuit,
594 1255 911 1308 Beatissime
938 1258 1117 1320 Pater,
1152 1257 1257 1308 fuit
1293 1259 1396 1310 ista
1431 1259 1710 1324 quondam
1750 1261 1810 1310 in
1847 1259 2119 1311 Lusitanis
2157 1275 2245 1312 ac-

349 1342 507 1393 censa
543 1343 741 1408 pietate
778 1344 965 1406 virtus,
1000 1350 1063 1394 ut
1089 1345 1277 1395 orbem
1305 1345 1622 1397 celebritate
1664 1346 1925 1409 nominis,
1956 1343 2246 1397 Ecclesiam

347 1442 474 1478 vero
513 1427 800 1495 praeclaris
837 1429 985 1480 Fidei
1026 1431 1305 1496 trophaeis
1341 1430 1648 1498 implerent.

415 1513 486 1565 Ea
509 1520 592 1570 ,est
628 1521 811 1565 autem
850 1516 1052 1566 misera
1092 1523 1400 1582 temporum
1441 1523 1759 1569 nostrorum
1797 1518 2059 1580 conditio,
2099 1517 2246 1568 nihil

351 1609 411 1651 ut
466 1601 624 1652 nobis
680 1600 829 1652 aliud
884 1602 1057 1653 avitae
1112 1602 1316 1666 gloriae
1373 1604 1624 1669 supersit,
1672 1619 1837 1669 quam
1875 1603 2155 1668 religionis
2195 1610 2248 1654 et

349 1689 565 1739 virtutis
603 1689 869 1739 memoria
920 1688 1123 1753 quibus
1173 1689 1408 1740 maiores
1465 1689 1642 1741 nostri
1698 1691 1756 1739 in
1812 1690 2007 1741 Christi
2062 1691 2248 1754 Regno

350 1775 552 1839 ubique
590 1774 940 1840 propagando
980 1774 1331 1826 desudabant.
1392 1775 1545 1827 Nunc
1583 1775 1631 1826 si
1669 1774 1810 1826 filios
1869 1775 2025 1826 decet
2062 1776 2120 1826 in
2160 1790 2250 1841 pa-

349 1866 569 1911 rentum
607 1859 758 1911 factis
796 1858 1032 1924 gloriari,
1078 1866 1263 1911 nostra
1301 1861 1463 1910 fuerit
1518 1859 1773 1923 gloriatio
1813 1860 1947 1911 tales
1985 1861 2249 1912 habuisse

352 1953 544 2011 patres,
591 1952 642 1997 et
677 1946 722 1996 si
759 1945 1107 2010 Reipublicae
1164 1953 1380 1997 nostrae
1437 1943 1714 2011 splendor,
1770 1946 2039 2012 caligante
2095 1945 2247 2009 Fide,

356 2033 668 2083 obscuratus
716 2037 809 2094 est,
855 2032 924 2084 sit
963 2032 1071 2083 hoc
1108 2033 1263 2085 nobis
1301 2048 1403 2084 nec
1441 2032 1732 2083 mediocris
1773 2031 2091 2095 consolatio,
2136 2030 2277 2082 fore'

356 2114 646 2181 aliquando
684 2122 747 2167 ut
785 2115 942 2168 illam
980 2117 1136 2168 Fides
1162 2117 1460 2183 pristinum
1498 2117 1558 2167 in
1600 2132 1814 2168 morem
1853 2132 2075 2170 accensa
2110 2130 2251 2166 novo

355 2202 571 2253 lumine
611 2202 1030 2254 circumfundat.
1075 2203 1255 2268 Neque
1295 2204 1444 2253 enim
1483 2204 1670 2254 animo
1701 2203 1895 2255 excidit
1930 2204 2062 2269 quid
2099 2201 2253 2254 Aedi-

356 2286 545 2340 ficator
600 2296 651 2340 et
707 2304 922 2340 eversor
979 2303 1277 2361 regnorum
1334 2290 1472 2340 Deus
1529 2290 1712 2355 primo
1767 2290 2077 2341 Lusitaniae
2114 2288 2252 2352 Regi

354 2374 588 2427 Henrico
626 2376 792 2427 suerit
829 2374 1123 2442 pollicitus,
1164 2375 1414 2427 futurum
1469 2374 1674 2427 scilicet
1734 2381 1791 2426 ut
1845 2381 2092 2427 sanctum
2150 2374 2253 2426 sibi

415 2638 493 2689 Fu
524 2638 630 2702 gia,
662 2641 956 2689 Beatissimo
986 2643 1163 2701 Padre,
1195 2643 1253 2689 fu
1283 2643 1374 2701 gia
1414 2642 1500 2689 nei
1545 2637 1862 2701 Portoghesi‚
1906 2653 1995 2700 per
2038 2640 2254 2688 l’accesa

355 2714 510 2776 pieta,
544 2715 683 2764 virtu
714 2718 921 2777 siffatta,
954 2717 1046 2764 che
1077 2718 1348 2775 empivano
1369 2717 1404 2761 il
1434 2717 1621 2764 mondo
1643 2717 1775 2763 della
1795 2714 2032 2763 celebrit'a
2052 2715 2131 2762 del
2150 2716 2255 2762 loro

356 2805 523 2851 nome,
557 2805 583 2838 e
613 2793 662 2838 la
693 2792 873 2838 Ohiesa
904 2792 956 2838 di
986 2792 1201 2850 preclari
1242 2791 1390 2838 trofei
1434 2791 1564 2837 della
1602 2791 1728 2838 fede.
1772 2791 1854 2836 Ma
1883 2790 1984 2836 tale
2017 2790 2044 2837 e
2072 2791 2123 2836 la
2163 2789 2254 2835 mi-

357 2879 469 2913 sera
501 2867 792 2913 condizione
825 2867 906 2913 dei
936 2867 1098 2913 nostri
1129 2867 1305 2926 tempi,
1340 2866 1431 2914 che
1462 2867 1605 2912 nulla
1636 2864 1727 2923 piu
1758 2865 1886 2911 altro
1919 2866 1965 2911 ci
1997 2865 2133 2912 resta
2155 2865 2257 2911 del-

359 2940 538 2988 l’avita
569 2942 735 2998 gloria
766 2940 974 2987 fuorche
1004 2942 1054 2987 la
1083 2941 1326 2988 memoria
1357 2940 1487 2987 della
1517 2940 1767 2998 religione
1800 2952 1827 2986 e
1849 2940 1977 2985 della
1999 2938 2139 2986 virtu
2161 2951 2256 2985 con

362 3016 444 3063 cui
474 3016 491 3060 i
522 3015 682 3060 nostri
713 3016 975 3073 maggiori
1005 3015 1414 3073 travagliavansi
1447 3015 1498 3060 di
1528 3026 1818 3072 propagare
1863 3012 2191 3071 dappertutto
2220 3012 2257 3057 il

360 3089 542 3148 Regno
574 3089 625 3134 di
647 3088 826 3134 Cristo,
861 3089 928 3135 Or
950 3101 1002 3136 se
1023 3089 1070 3135 a'
1089 3089 1203 3147 figli
1225 3088 1472 3135 conviene
1494 3088 1727 3134 vantarsi
1753 3087 1831 3134 dei
1853 3086 1970 3133 fatti
1991 3087 2068 3133 de'
2092 3086 2254 3145 padri,

359 3163 474 3209 sara
502 3163 638 3209 stata
668 3163 842 3208 nostra
874 3163 1039 3220 gloria
1069 3176 1191 3210 aver
1223 3163 1379 3209 avuto
1410 3163 1502 3208 tali
1532 3161 1710 3221 padri;
1745 3174 1771 3208 e
1803 3173 1856 3208 se
1899 3162 1948 3208 lo
1994 3160 2258 3218 splendore

361 3238 440 3283 del
472 3236 646 3283 nostro
677 3236 836 3295 stato,
870 3237 1209 3284 offuscandosi
1238 3238 1289 3282 la
1319 3237 1448 3295 fede,
1481 3248 1649 3283 venne
1669 3247 1837 3294 meno,
1863 3235 2008 3281 cisia
2028 3246 2133 3280 non
2156 3246 2258 3280 me·

364 3311 531 3358 diocre
563 3311 909 3358 consolazione
940 3311 1136 3369 questa,
1170 3311 1263 3358 che
1294 3324 1368 3357 un
1400 3310 1450 3356 di
1482 3309 1630 3357 verra
1660 3310 1716 3354 in
1748 3309 1833 3355 cui
1862 3309 1914 3354 la
1944 3308 2054 3356 fede
2085 3318 2259 3354 accesa

285 3400 288 3402 ·
364 3386 448 3432 nel
477 3385 736 3443 primitivo
767 3385 962 3431 fervore
1004 3386 1230 3431 circondi
1276 3386 1394 3442 quel
1437 3385 1612 3431 nostro
1643 3383 1787 3430 State
1819 3382 1870 3428 di
1909 3395 2082 3430 nuova
2127 3383 2256 3428 luce.

367 3459 687 3519 Imperocche
717 3472 821 3506 non
852 3459 898 3506 ci
931 3459 1086 3505 cadde
1117 3460 1168 3505 di
1198 3460 1371 3506 mente
1402 3458 1478 3506 cio
1510 3458 1602 3506 che
1633 3459 1792 3517 Iddi0‚
1827 3457 2092 3504 fondatore
2122 3469 2149 3503 e
2188 3455 2260 3501 di-

368 3535 610 3583 struttore
641 3534 722 3582 dei
750 3534 918 3593 regni,
950 3534 1169 3592 promise
1200 3533 1265 3580 ad
1307 3534 1488 3581 Enrico
1530 3533 1692 3592 primo
1722 3534 1794 3580 Re
1834 3533 1914 3581 del
1955 3530 2258 3601 Portogallo‚
