2488 4290
387 311 471 364 180

383 427 492 476 sive
553 425 753 478 Romae
810 417 945 480 illud
999 419 1279 492 habeatur,
1326 420 1440 481 sive
1479 430 1536 479 in
1575 418 1681 482 alio
1719 433 1910 497 quovis
1949 422 2093 486 orbis
2129 434 2269 499 loco,

385 510 573 564 electio
613 515 740 587 novi
780 515 1055 567 Pontificis
1095 516 1160 566 ab
1199 531 1310 566 uno
1351 516 1399 566 S.
1444 517 1583 568 R.·E.
1629 517 1995 570 cardinalium
2035 518 2272 584 Collegio
2315 505 2321 507 ”

380 613 595 666 semper
649 607 700 651 et
750 599 1012 652 exclusive
1069 603 1214 652 iuxta
1273 603 1499 652 modum
1538 604 1786 667 superius
1826 603 2112 655 definitum
2152 605 2271 656 fieri

384 685 592 752 debeat,
638 693 797 752 atque
838 688 1015 752 ipsum
1054 687 1381 751 Concilium,
1425 687 1625 753 pariter
1651 687 1797 739 iuxta
1834 688 2076 752 regulam
2115 707 2276 756 supe-

379 772 495 822 rius
531 773 811 837 sancitam,
851 774 1034 823 statim
1073 774 1137 823 ab
1177 780 1396 839 accepto
1435 780 1579 823 certo
1607 775 1802 825 nuntio
1833 775 2107 826 demortui
2134 777 2275 826 Pon-

383 857 538 908 tificis
575 873 901 923 suspensum
940 859 1055 925 ipso
1096 860 1212 908 iure
1250 856 1614 922 intelligatur,
1659 867 1710 910 et
1752 862 1959 911 tamdiu
2015 861 2266 923 dilatum,

383 943 557 994 donec
596 959 770 995 novus
806 943 1050 995 Pontifex
1090 944 1351 995 canonice
1392 943 1592 995 electus
1619 942 1756 995 illud
1783 947 2041 997 reassumi
2070 953 2122 997 et
2148 961 2274 998 con-

384 1029 584 1080 tinuari
624 1030 854 1081 iusserit.
2168 1034 2170 1037 ’

450 1115 763 1167 Praesentes
802 1122 983 1166 autem
1023 1113 1225 1167 litteras
1266 1131 1481 1182 semper
1518 1116 1737 1179 validaS,
1785 1116 1969 1168 firmas
2007 1125 2059 1169 et
2097 1120 2275 1171 effica-

386 1216 469 1252 ces
508 1203 730 1263 existere
769 1209 824 1254 et
858 1203 994 1266 fore,
1043 1217 1273 1266 suosque
1321 1201 1595 1268 plenarios
1652 1210 1704 1254 et
1757 1204 1998 1267 integros
2054 1207 2275 1256 effectus

382 1289 561 1339 sortiri
602 1296 655 1339 et
694 1288 948 1350 obtinere,
995 1303 1055 1338 ac
1095 1287 1247 1338 nullo
1286 1293 1530 1351 unquam
1577 1297 1816 1355 tempore
1845 1304 1902 1339 ex
1927 1305 2274 1356 quocumque

384 1375 574 1440 capite,
618 1380 712 1424 aut
746 1372 985 1439 qualibet
1025 1388 1185 1424 causa
1248 1374 1313 1424 de
1369 1374 1748 1440 subreptioniS,
1810 1373 1893 1423 vel
1943 1375 2276 1440 obreptionis

383 1475 478 1510 seu
517 1458 781 1511 nullitatis
818 1460 969 1523 vitio,
1012 1457 1093 1509 vel
1133 1460 1452 1509 intentionis
1479 1459 1718 1524 Nostrae,
1748 1458 1833 1510 vel
1859 1460 1966 1510 alio
1993 1461 2267 1526 quopiam,

382 1547 732 1609 quantumvis
769 1543 1111 1595 substantiali
1150 1546 1512 1607 inexcogitato
1553 1550 1605 1595 et
1643 1544 2045 1608 inexcogitabili
2072 1562 2133 1596 ac
2159 1561 2276 1611 spe-

384 1632 592 1682 cificam
633 1638 686 1682 et
723 1630 1066 1681 individuam
1105 1632 1440 1681 mentionem
1498 1637 1594 1681 aut
1655 1633 2055 1697 expressionem
2095 1633 2275 1696 requi-

386 1724 551 1779 rente,
598 1717 831 1781 defectu,
874 1723 967 1766 aut
1006 1731 1066 1766 ex
1102 1731 1449 1781 quocumque
1488 1714 1592 1765 alio
1633 1721 1803 1783 capite
1828 1732 1859 1766 a
1894 1717 2015 1767 iure
2052 1722 2268 1776 statut0,

382 1803 469 1854 vel
505 1817 858 1868 quocumque.
894 1808 1201 1867 praetextu,
1266 1803 1478 1852 ratione
1501 1844 1512 1863 ,
1577 1808 1670 1853 aut
1731 1817 1890 1853 causa
1926 1802 2275 1867 quantumvis

386 1888 511 1951 tali,
571 1904 707 1954 quae
746 1888 813 1938 ad
853 1887 1103 1961 effectum
1159 1887 1453 1937 validitatis
1507 1875 1930 1953 praemissorum
1974 1888 2274 1939 necessario

386 1975 733 2040 exprimenda
772 1973 946 2037 soret,
990 1974 1200 2035 notari,
1245 1974 1591 2039 impugnari,
1637 1974 1924 2038 redargui,
1968 1972 2270 2039 invalidari‚

385 2061 664 2110 retractari
691 2098 705 2122 ,
767 2060 825 2109 in
865 2059 952 2108 ius
988 2056 1071 2108 vel
1111 2059 1528 2109 controversiam
1572 2060 1812 2110 revocari
1850 2074 2000 2124 posse
2021 2073 2036 2125 3
2097 2073 2275 2123 neque

389 2146 603 2195 easdem
643 2149 955 2211 praesentes
994 2144 1094 2196 sub
1131 2137 1416 2209 quibusvis
1471 2144 1738 2202 similium
1794 2142 1878 2194 vel
1919 2127 2275 2194 ‘dissimilium

387 2231 806 2296 dispositionum
846 2229 1314 2293 revocationibus,
1356 2227 1777 2291 limitationibus
1803 2272 1815 2290 ‚
1861 2227 2276 2280 modificationi-

387 2316 504 2379 bUS‚
548 2315 1015 2378 derogationibus,
1057 2315 1159 2365 sub
1196 2315 1631 2380 quibuscumque
1669 2315 1960 2365 verborum
2003 2315 2276 2365 tenoribus

375 2408 438 2451 ‘et
476 2402 684 2462 formiS,
730 2416 790 2450 ac
830 2416 954 2449 cum
991 2400 1274 2464 quibusvis
1313 2399 1568 2451 clausulis
1607 2408 1660 2450 et
1696 2400 1941 2462 decretiS‚
1976 2400 2188 2450 etiamsi
2216 2401 2275 2449 in
2335 2392 2341 2396 ’

384 2488 462 2538 eis
509 2487 575 2536 de
613 2487 763 2538 hisce
801 2485 1203 2552 praesentibus,
1272 2498 1564 2549 earumque
1620 2491 1731 2535 toto
1790 2491 1976 2535 tenore
2031 2499 2092 2535 ac
2149 2483 2276 2534 data

386 2571 635 2637 specialis
674 2571 881 2622 mentio
922 2569 1106 2631 fieret,
1164 2586 1261 2636 pro
1302 2577 1545 2636 tempore
1584 2570 1735 2620 factis
1793 2575 1844 2619 et
1906 2570 2177 2620 concessis
2215 2585 2278 2619 ac

388 2658 647 2709 faciendis
674 2664 727 2707 et
752 2657 1117 2708 concedendis
1151 2655 1570 2722 comprehendi;
1615 2656 1710 2707 sed
1736 2671 1949 2721 semper
1973 2662 2024 2706 et
2049 2655 2276 2707 omnino

390 2745 454 2794 ab
491 2742 600 2793 illis
639 2743 808 2808 excipi
846 2742 1038 2792 debere
1089 2747 1249 2806 atque
1307 2756 1368 2791 ex
1418 2756 1566 2792 nunc
1601 2741 1867 2806 quidquid
1904 2748 2089 2792 contra
2126 2756 2278 2806 prae-

392 2829 568 2893 missa,
611 2826 914 2894 Apostolica
953 2827 1088 2877 Sede
1125 2832 1367 2890 vacante,
1409 2827 1595 2891 quavis
1622 2828 1941 2878 auctoritate
1978 2827 2140 2877 etiam
2167 2841 2297 2885 me-⁴

390 2915 584 2966 morati
623 2912 847 2964 Concilii
885 2912 1165 2974 Vaticani,
1235 2912 1322 2963 vel
1379 2912 1606 2963 alterius
1657 2912 2045 2976 cuiuscumque
2082 2911 2277 2962 futuris

391 2999 725 3065 temporibus
764 2998 990 3050 Concilii
1031 2998 1407 3060 oecumenici,
1451 2996 1579 3048 licet
1616 2999 1681 3048 de
1718 2998 1970 3048 unanimi
2009 3012 2278 3048 consensu

391 3084 801 3146 hodiernorum,
848 3099 944 3134 seu
986 3099 1085 3148 pro
1126 3084 1371 3149 tempore
1410 3083 1780 3133 exsistentium
1820 3081 1868 3133 S.
1900 3082 1955 3132 R.
2002 3083 2052 3131 E.
2097 3081 2279 3132 Cardi-

391 3169 604 3220 nalinm
642 3170 893 3219 scientier
928 3167 1010 3219 vel
1050 3170 1367 3232 ignoranter
1406 3168 1571 3219 fuerit
1632 3173 1953 3218 attentatum
1977 3206 1993 3230 ,
2056 3167 2276 3216 irritum

391 3263 444 3305 et
480 3256 643 3305 inane
681 3269 742 3304 ac
781 3253 997 3304 nullius
1035 3254 1241 3305 roboris
1280 3254 1641 3304 decernimus
2104 3264 2109 3271 ·

374 3376 377 3378 -
456 3341 570 3394 Non
611 3340 945 3407 obstantibus
980 3345 1247 3405 quatenus
1308 3355 1445 3406 opus
1500 3340 1601 3400 sit,
1668 3337 1840 3391 felicis
1888 3338 2278 3390 recordationis

391 3426 673 3493 Alexandri
710 3425 882 3490 Papae
919 3423 986 3473 III
1023 3425 1323 3476 Decessoris
1348 3425 1525 3477 Nostri
1549 3425 1607 3474 in
1647 3423 1891 3474 Concilio
1930 3422 2279 3474 Lateranensi

396 3513 574 3583 edita,
629 3526 767 3577 quae
802 3511 996 3577 incipit
1047 3511 1245 3562 «Licet
1299 3511 1366 3561 de
1402 3510 1625 3561 vitanda
1661 3531 1679 3553 »
1749 3515 1801 3559 et
1846 3508 2277 3573 quibuscumque
