2488 4290
350 315 437 360 368

410 418 474 464 Et
504 420 642 478 quia,
676 420 830 477 prout
860 420 1226 468 Sanctissimus
1262 422 1514 468 Dominus
1547 421 1720 470 noster
1744 423 1850 481 ipse
1872 425 2062 485 docuit,
2095 427 2258 475 tutela

351 492 650 540 Patrimonii
672 493 806 540 beati
831 494 963 541 Petri
986 496 1051 541 ad
1073 507 1247 542 omnes
1269 494 1557 541 catholicos
1585 496 1835 553 pertinet:
1870 499 2040 546 fideles
2061 493 2278 548 nostros'

351 566 577 624 impense
595 580 860 627 rogamUS,
885 568 945 614 ut
975 569 1105 615 illud
1129 569 1303 625 ipsum
1331 569 1542 615 omnino
1563 569 1831 628 integrum
1853 572 2259 632 inviolatumque

351 642 663 687 servandum
693 641 848 700 atque
878 644 942 689 ab
975 643 1117 689 omni
1151 642 1347 688 iniuria
1385 643 1765 690 defendendum
1810 657 1934 704 esse,
1977 648 2258 695 concordis-

352 715 478 762 simo
509 714 680 763 studio
711 715 761 764 et
792 716 930 763 virili
961 715 1265 764 fortitudine
1285 716 1454 775 palam
1476 717 1639 765 facere
1660 729 1764 765 non
1786 717 2134 768 intermittant
2175 720 2255 783 (1).

1016 858 1112 904 lle
1145 856 1292 906 vita
1323 856 1593 906 sociali.

411 981 521 1026 Non
556 979 743 1027 minori
778 978 999 1036 denique
1029 977 1371 1027 detestatione
1404 980 1667 1027 reiicimus
1703 980 1754 1028 et
1783 993 1878 1028 ceu
1908 981 2090 1040 impias
2123 983 2261 1030 frau-

352 1056 440 1103 des
471 1052 834 1100 renuntiamus
875 1052 1212 1112 propugnata
1257 1053 1582 1112 potissimum
1631 1067 1757 1102 aevo
1787 1055 1961 1102 nostro
1991 1055 2180 1114 placita
2208 1057 2259 1104 et

351 1127 651 1186 systemata,
686 1139 819 1186 quae
849 1127 945 1173 sub
984 1127 1239 1174 coloribus
1286 1128 1453 1175 civilis
1499 1128 1736 1176 culturae
1780 1129 2099 1188 humanique
2144 1142 2258 1189 pro-

352 1214 563 1264 gressus
603 1201 678 1247 nil
725 1201 823 1247 nisi
871 1201 1303 1251 communismum
1350 1203 1431 1249 vel
1477 1202 1821 1252 socialismum
1866 1203 2092 1263 sapiunt,
2137 1216 2260 1262 quo-

352 1288 571 1334 rumque
601 1274 825 1323 fautores
856 1274 1186 1325 sanctitatem
1217 1277 1346 1322 iuris
1377 1276 1704 1334 proprietatis
1733 1277 1951 1337 negant,
1976 1279 2056 1325 vel
2089 1279 2258 1327 invio—

351 1352 502 1399 labile
533 1351 803 1399 vinculum
835 1351 1152 1398 matrimonii
1192 1350 1243 1398 et
1279 1352 1500 1403 familiae
1543 1350 1796 1411 sauciant,
1830 1352 1910 1399 vel
1942 1352 2042 1399 alio
2074 1353 2257 1411 quovis
2291 1410 2305 1429 Ι

351 1427 500 1477 modo
530 1425 781 1473 iniustam
811 1425 1110 1472 violentiam
1141 1425 1235 1472 aut
1270 1425 1571 1473 effrenatam
1617 1425 1881 1473 licentiam
1922 1426 1978 1472 in
2023 1427 2258 1474 socialem

353 1502 515 1550 vitam
565 1500 892 1548 introducere
944 1499 1304 1547 connituntur.
1361 1501 1470 1548 Non
1519 1512 1824 1560 progressus
1870 1499 2120 1561 culturae,
2169 1503 2258 1550 sed

351 1577 676 1627 tristissimus
705 1576 760 1620 in
792 1576 1079 1623 barbariem
1110 1586 1379 1634 regressus
1423 1575 1721 1622 huiusmodi
1767 1574 2029 1634 doctriniS,
2075 1575 2258 1634 quodsi

354 1664 587 1710 unquam
618 1650 737 1700 ferri
768 1651 832 1697 ab
863 1650 1158 1697 hominibus
1188 1649 1411 1709 possent,
1448 1649 1678 1697 societati
1709 1650 1968 1696 humanae
1989 1650 2255 1698 accideret.

355 1728 490 1775 Dum
522 1725 743 1772 Ecclesia
773 1725 914 1771 illam
943 1724 1176 1771 sanctam
1208 1723 1531 1783 charitatem,
1581 1735 1714 1782 quae
1763 1723 1941 1782 nescit,
1989 1736 2123 1782 quae
2166 1717 2262 1772 sua

356 1799 496 1859 sunt,
529 1799 795 1857 tamquam
826 1798 1099 1858 fastigium
1130 1798 1438 1845 christianae
1469 1797 1794 1856 perfectionis
1815 1797 2053 1844 intuetur
2075 1797 2126 1845 et
2149 1811 2262 1856 pro-

357 1873 609 1932 sequitur,
642 1874 758 1920 iura
788 1873 961 1921 tamen
992 1885 1087 1919 ceu
1118 1872 1457 1919 fundamenta
1487 1871 1744 1918 terrestris
1774 1871 1912 1918 vitae
1943 1871 2263 1920 sanctissime

358 1947 637 1996 reverenda
667 1946 718 1994 et
747 1945 993 1993 inviolate
1023 1945 1360 1993 custodienda
1390 1958 1497 1993 esse
1527 1957 1723 2004 semper
1755 1945 1950 1993 docuit.
1985 1945 2092 1992 Etsi
2113 1958 2262 2005 porro

355 2022 589 2068 laborum
619 2019 850 2067 molestia
880 2032 1000 2066 cum
1031 2016 1269 2067 omnibus
1302 2019 1441 2067 vitae
1474 2019 1697 2067 miseriis
1728 2020 1849 2066 inde
1879 2032 1910 2066 a
1947 2019 2110 2078 primo
2151 2033 2263 2078 pec-

359 2094 472 2142 cato
504 2095 643 2144 Adae
679 2093 920 2141 salutaris
965 2106 1129 2152 poena
1175 2094 1355 2153 generi
1403 2093 1577 2141 nostro
1628 2091 1911 2140 constituta
1957 2092 2041 2152 sit,
2088 2092 2261 2142 tamen

359 2169 580 2217 Ecclesia
611 2168 875 2227 catholica,
900 2179 1032 2226 quae
1062 2169 1117 2215 in
1150 2168 1464 2226 pauperibus
1496 2168 1866 2216 venerabunda
1887 2167 2149 2215 Christum
2168 2169 2262 2216 Do·
2302 2161 2307 2167 ’

358 2245 559 2291 minum
589 2243 844 2303 agnoscit,
878 2243 969 2301 qui
1001 2243 1138 2301 quod
1167 2243 1396 2292 minimis
1427 2241 1649 2290 fratrum
1683 2243 1970 2302 fecerimus,
1994 2242 2091 2290 sibi
2121 2255 2264 2300 prae-

358 2318 542 2365 stitum
571 2318 622 2366 et
653 2317 848 2364 factum
879 2328 986 2364 esse
1016 2316 1313 2376 proclamat,
1341 2316 1668 2364 vehementer
1696 2315 1950 2364 desiderat
1969 2316 2020 2363 et
2039 2317 2264 2364 maxime

358 2392 622 2451 allaborat,
655 2391 718 2437 ut
747 2391 1018 2450 pauperies
1048 2391 1099 2437 et
1130 2382 1547 2450 afflictio‘plebis,
1597 2389 1855 2449 quantimi
1900 2390 2011 2437 fieri
2057 2389 2260 2450 poterit,

357 2466 598 2519 leniatur.
634 2466 751 2513 Ideo
782 2465 917 2513 hanc
947 2465 1346 2523 pulcherrimam
1377 2476 1525 2511 suam
1555 2463 1971 2524 praerogativam
2011 2463 2168 2523 tenet,
2202 2464 2262 2511 ut

358 2541 608 2588 fervidam
639 2552 767 2599 erga
811 2538 1026 2586 afflictos
1072 2538 1376 2586 charitatem
1421 2538 1541 2585 filiis
1584 2539 1693 2585 suis
1735 2537 1964 2597 instillet,
2014 2537 2285 2587 divitibus·

358 2614 747 2662 beneficentiam
787 2614 1016 2674 imperet,
1066 2614 1191 2660 dum
1222 2625 1412 2672 egenos
1451 2612 1756 2671 patientiam
1787 2612 1839 2659 et
1881 2611 2263 2681 gratitudinem

360 2688 522 2748 docet,
559 2689 801 2735 laudibus
848 2689 1106 2735 celebrans
1154 2699 1404 2748 generosa
1436 2699 1648 2746 operum
1678 2686 1728 2733 et
1760 2685 2068 2733 facultatum
2111 2686 2264 2751 sacri-

360 2765 492 2823 ficia,
541 2763 731 2821 quibus
776 2762 956 2810 solatia
1003 2764 1182 2811 divina
1214 2762 1266 2810 et
1295 2764 1525 2810 humana
1566 2761 1622 2807 in
1653 2761 1861 2808 miseros
1908 2759 2261 2819 conferuntur,

360 2839 447 2888 sed
477 2837 529 2885 et
559 2837 772 2884 cunctos
814 2838 1286 2897 commonefacienS,
1330 2836 1393 2883 ut
1432 2834 1815 2883 immunitatem
1846 2847 1877 2881 a
1908 2834 2166 2882 doloribus
2207 2835 2263 2881 in

360 2913 570 2962 aeterna
601 2913 807 2959 demum
836 2911 1083 2959 beatitate
1113 2910 1401 2962 desiderent
1432 2911 1483 2958 et
1516 2909 1803 2969 expectent.
1911 2956 1920 2964 ,

417 2987 648 3045 Denique
678 2986 899 3033 Ecclesia
929 2987 1067 3033 omni
1100 2986 1328 3033 humano
1360 2985 1411 3033 et
1442 2997 1563 3032 vero
1594 2983 1893 3043 progressui
1915 2983 2070 3042 favet,
2094 2984 2258 3032 sciens

360 3063 524 3108 Deum
555 3060 752 3107 dedisse
772 3059 963 3107 terram
984 3061 1039 3106 in
1061 3061 1426 3118 possessionem
1447 3059 1565 3106 filiis
1586 3058 1872 3117 hominum,
1896 3057 1958 3103 ut
1982 3058 2262 3104 exercendo

360 3135 495 3182 vires
535 3146 656 3181 suas
699 3134 1086 3181 dominarentur
1128 3135 1206 3193 ei,
1250 3134 1463 3192 eiusque
1504 3133 1704 3180 viribus
1746 3130 1950 3179 utentes
1990 3131 2264 3178 fructifica-

360 3208 477 3256 rent
505 3209 620 3255 sibi.
653 3207 823 3255 Monet
853 3208 1043 3268 tamen,
1077 3221 1142 3256 ne
1172 3221 1261 3267 per
1294 3220 1469 3255 rerum
1502 3206 1862 3266 temporalium
1881 3206 2115 3253 studium
2137 3217 2263 3252 cura

361 3282 689 3331 aeternarum
733 3272 1038 3341 negligatur
1084 3283 1165 3329 vel
1206 3281 1535 3340 impediatur,
1570 3281 1621 3328 et
1651 3280 1828 3339 poscit,
1864 3279 1925 3325 ut
1959 3289 2262 3338 progressus

362 3356 454 3404 fiat
484 3356 767 3405 secundum
797 3355 1055 3415 pietatem,
1087 3356 1298 3404 minime
1319 3354 1494 3404 autem
1515 3354 1695 3403 contra
1716 3354 1885 3414 fidem,
1908 3352 2071 3413 utque
2091 3352 2262 3401 studia
2333 3415 2353 3424 ,-
2408 3318 2422 3337 η’

426 3547 487 3608 (1)
520 3545 676 3607 Epist.
711 3545 921 3614 Encycl.
957 3545 1018 3594 de
1049 3543 1130 3594 die
1160 3542 1218 3592 29
1248 3543 1449 3612 ianuar.
1486 3543 1616 3599 1860,
