2488 4290
2022 323 2107 370 183

202 425 545 475 termissarum
576 424 682 472 dies
711 423 1106 484 computantur:
1143 433 1323 470 verum
1354 421 1616 481 impensa,
1651 435 1782 483 quae
1820 424 1874 470 in
1908 426 2105 472 omissis

201 500 428 561 exequiis
455 500 687 548 facienda
716 500 863 557 esset,
897 500 951 545 in
983 509 1230 558 pauperes
1263 496 1451 544 Christi
1482 497 1632 544 iuxta
1676 497 1751 543 Pii
1798 498 1867 544 IV
1911 499 2104 547 Consti-

201 574 450 622 tutionem
480 574 830 622 distribuenda
861 575 952 622 est.
1344 600 1354 620 2

260 650 371 706 Qua
400 649 552 696 etiam
589 647 980 707 Constitutione,
1030 648 1089 694 ut
1135 646 1471 706 exequiarum
1516 646 1777 706 impensis,
1825 661 1956 707 quae
2002 650 2104 697 iam

199 728 254 774 in
284 727 588 772 immensum
610 723 963 782 excreverant,
987 722 1166 771 modus
1187 721 1238 768 et
1259 721 1378 768 finis
1399 721 1584 781 aliquis
1605 722 1752 780 esset,
1777 722 1987 770 cautum
2010 719 2112 783 est,⁰

199 814 263 848 ne
292 800 550 858 impensae
597 797 799 844 illorum
845 810 1031 844 novem
1078 795 1276 843 dierum
1319 796 1492 843 decem
1539 795 1842 843 ducatorum
1889 798 2106 845 millium

197 886 465 932 summam,
499 870 806 931 computatis
852 871 1106 930 omnibuS,
1155 869 1356 929 praeter
1403 870 1600 929 regalia
1638 870 1829 930 Populo
1875 872 2104 920 Romano

196 947 441 1009 praestari
472 947 636 1006 solita,
670 946 994 1006 excederent,
1029 946 1080 994 et
1117 946 1178 993 ut
1208 957 1383 992 earum
1420 945 1770 1004 impensarum
1816 945 2106 996 distributio

196 1023 327 1072 iuste
357 1022 518 1082 fieret,
551 1021 716 1069 tribus
747 1033 811 1068 ex
846 1020 1222 1080 antiquioribus
1254 1019 1626 1079 cardinalibuS,
1672 1020 1764 1067 uni
1807 1021 1998 1070 scilicet
2038 1036 2104 1071 ex

197 1097 420 1160 quolibet
450 1096 645 1150 ordine,
679 1108 738 1142 ac
769 1095 819 1141 S.
855 1095 912 1141 R.
947 1095 1002 1140 E.
1037 1094 1314 1142 camerario
1346 1094 1616 1141 commissa
1647 1095 1764 1142 fuit.

256 1171 497 1231 Exequiis
529 1170 760 1217 defuncti
791 1168 1052 1216 Pontificis
1083 1168 1363 1227 completiS,
1408 1168 1459 1215 et
1504 1168 1711 1216 interim
1750 1171 1980 1218 conclavi
2022 1185 2107 1232 op-

196 1246 414 1306 portuno
444 1244 761 1304 praeparat0‚
797 1242 1081 1291 cardinales
1110 1242 1166 1288 in
1197 1242 1406 1290 basilica
1443 1242 1607 1290 sancti
1651 1243 1815 1303 Petri,
1865 1246 1945 1293 vel
1987 1247 2107 1293 alibi

196 1333 287 1381 pro
316 1309 558 1379 temporis
588 1319 640 1366 et
668 1318 766 1366 loci
797 1316 1177 1377 opportunitate
1209 1317 1545 1377 conveniunt,
1581 1318 1677 1365 ‘ubi
1722 1331 1811 1378 per
1854 1320 2105 1369 decanum

196 1395 325 1443 sacri
356 1394 575 1453 collegii,
610 1394 706 1453 vel,
741 1405 799 1439 eo
829 1391 1090 1451 impedit0‚
1129 1404 1218 1450 per
1250 1392 1408 1439 alium
1440 1405 1506 1440 ex
1538 1392 1913 1454 antiquioribus
1944 1398 2104 1445 cardi÷

198 1469 400 1518 nalibus
430 1468 582 1516 missa
613 1469 674 1515 de
706 1466 901 1527 Spiritu
933 1466 1119 1514 Sancto
1151 1466 1454 1527 celebratur,
1479 1466 1530 1514 et
1560 1467 1615 1513 in
1647 1468 1750 1515 fine
1771 1481 1860 1527 per
1883 1471 2102 1531 aliquem

196 1543 497 1604 praelatum,
531 1542 622 1590 aut
652 1541 811 1588 alium
842 1541 1011 1588 virum
1045 1540 1270 1601 doctum,
1303 1540 1522 1588 habetur
1554 1542 1731 1601 oratio,
1766 1543 1820 1588 in
1865 1557 1967 1604 qua
2004 1559 2107 1594 mo-

198 1618 405 1676 nentur,
438 1617 498 1665 ut
528 1617 758 1676 sepositis
790 1615 1027 1663 omnibus
1057 1615 1273 1675 privatis
1302 1615 1584 1675 affectibuS,
1618 1617 1781 1664 solum
1801 1619 1964 1666 Deum
1986 1634 2108 1680 prae

197 1693 354 1742 oculis
383 1692 646 1752 habenteS,
681 1692 888 1740 sanctae
919 1693 1176 1739 Romanae
1208 1691 1259 1739 et
1301 1691 1580 1738 universali
1622 1693 1871 1741 Ecclesiae
1912 1695 1974 1743 de
2018 1697 2107 1743 Pa-

197 1770 330 1817 store
359 1767 631 1816 sufficienti
663 1767 714 1815 et
744 1767 926 1814 idoneo
957 1766 1238 1826 providere,
1277 1767 1417 1814 omni
1463 1779 1566 1826 qua
1606 1769 1820 1826 possunt
1857 1769 2107 1820 brevitate

197 1855 258 1891 ac
287 1842 575 1903 diligentia,
599 1842 797 1902 curent,
830 1842 895 1888 ad
916 1840 1307 1900 apostolicarum
1329 1840 1756 1889 constitutionum
1776 1843 1828 1890 et
1846 1856 2107 1892 sacrorum

199 1917 527 1966 conciliorum
555 1915 944 1976 praescriptum.
1938 1975 1941 1977 Α

258 1993 328 2039 Re
349 1991 524 2038 divina
545 1991 766 2050 peracta,
790 1991 1004 2038 clericus
1026 1990 1464 2038 caeremoniarum
1486 1991 1623 2051 capit
1645 2005 1848 2039 crucem
1869 1995 2104 2053 papalem

199 2068 251 2115 et
279 2066 520 2126 procedit,
553 2079 707 2126 quam
740 2066 1023 2114 cardinales
1054 2066 1359 2126 sequuntur,
1393 2066 1613 2125 episcopi
1645 2066 1886 2127 primum,
1922 2070 2105 2120 deiude

199 2140 503 2200 presbyteri,
537 2140 789 2199 postremo
822 2139 1022 2187 diaconi
1066 2152 1183 2187 cum
1225 2140 1331 2187 suis
1373 2141 1547 2199 cappis
1595 2140 1856 2189 violaceis:
1903 2155 2106 2192 crucem

199 2214 511 2274 praecedunt
529 2215 801 2262 familiares
822 2215 1176 2274 cardinalium,
1202 2215 1253 2262 et
1274 2215 1564 2263 immediate
1586 2216 1819 2263 cantores
1848 2217 2106 2276 hymnum

208 2291 323 2337 Veni
354 2289 562 2338 Creator
591 2289 821 2349 Spiritus
852 2290 1146 2349 cantantes3
1182 2290 1295 2348 post
1328 2290 1613 2337 cardinales
1645 2294 1934 2350 sequuntur
1966 2307 2108 2351 prae-

198 2365 306 2424 lati,
338 2365 491 2426 atque
521 2365 594 2411 ita
624 2364 1060 2423 processionaliter
1083 2365 1429 2423 procedentes,
1454 2367 1693 2412 conclave
1715 2367 2102 2428 ingrediuntur,

198 2439 251 2488 et
279 2452 397 2487 cum
414 2439 477 2486 ad
504 2439 782 2499 cappellam
799 2439 1146 2497 pervenerint,
1180 2440 1519 2486 cardinalium
1543 2441 1767 2487 decanus
1789 2443 1924 2500 apud
1949 2443 2108 2492 altare

199 2515 322 2562 dicit
351 2515 632 2563 orationem
653 2515 807 2569 Deus,
826 2515 913 2578 qui
933 2514 1347 2574 cordafldelium,
1373 2528 1474 2574 qua
1496 2515 1643 2561 finita
1671 2516 1921 2574 leguntur
1953 2519 2004 2566 et
2033 2519 2108 2566 iu-

197 2589 380 2637 rantur
400 2603 488 2649 per
520 2589 801 2638 cardinales
822 2589 1224 2637 constitutiones*
1243 2590 1303 2637 de
1335 2590 1550 2637 Romani
1582 2590 1841 2639 Pontificis
1863 2593 2106 2642 electione

200 2664 252 2710 et
277 2677 384 2711 una
414 2678 532 2711 cum
562 2665 634 2712 eis
665 2656 973 2711 Constitutio
1004 2665 1282 2711 novissima
1313 2665 1548 2724 Gregorii
1574 2666 1682 2711 XV.
1719 2666 1914 2715 Deinde
1946 2669 2106 2715 cardi-

200 2740 357 2797 naleS,
371 2740 484 2798 post
498 2751 782 2786 sermonem
798 2739 1031 2785 habitum
1053 2751 1142 2797 per
1164 2740 1432 2799 decanum,
1453 2754 1553 2800 quo
1575 2753 1658 2787 eos
1679 2742 2105 2790 convenientibus

201 2815 367 2863 verbis
398 2815 462 2861 ad
506 2814 763 2861 electionis
795 2814 1062 2874 negotium
1094 2814 1189 2862 rite
1221 2816 1272 2862 et
1303 2816 1437 2862 recte
1460 2816 1815 2876 peragendum
1854 2817 2104 2878 hortatur,

201 2891 264 2937 ad
297 2890 463 2947 cellaS,
496 2888 629 2935 sorte
660 2888 792 2935 inter
822 2900 906 2935 eos
937 2887 1086 2935 iuxta
1125 2888 1558 2938 constitutionem
1582 2891 1655 2936 Pii
1691 2892 1758 2936 IV
1793 2891 2105 2948 distributas,

202 2963 483 3022 divertunt,
504 2962 555 3009 et
596 2963 708 3022 post
747 2962 1025 3021 prandium
1066 2976 1242 3011 omnes
1285 2977 1462 3012 rursus
1505 2965 1657 3012 simul
1696 2968 2107 3027 congregantur;

203 3039 437 3086 officiales
466 3037 721 3084 conclavis
759 3036 810 3084 et
830 3036 915 3083 alii
945 3037 1209 3095 praestant
1243 3051 1384 3086 sacro
1420 3040 1634 3098 collegio
1670 3040 1959 3089 iuramenta
1992 3055 2109 3090 con-

203 3114 363 3160 sueta.

261 3186 553 3235 Cardinales
583 3186 755 3234 autem
789 3185 1007 3243 ingressi
1037 3190 1278 3236 conclave
1311 3202 1414 3235 non
1460 3190 1648 3237 exeant
1690 3203 1896 3250 vespere
1939 3205 2104 3240 rever-

206 3261 328 3319 suri,
359 3262 446 3309 sed
477 3262 531 3308 in
561 3262 668 3322 ipso
699 3264 907 3312 omnino
937 3264 1287 3322 permaneant.
1314 3264 1588 3324 Ipsumque
1610 3267 1868 3325 conclave,
1887 3267 2000 3325 post
2020 3267 2098 3314 ter

204 3335 347 3383 iussu
375 3336 647 3384 cardinalis
676 3339 854 3385 decani
885 3339 1208 3397 personatam
1240 3341 1616 3398 campanulam,
1668 3340 1901 3388 videlicet
1943 3343 2108 3399 prima

208 3411 317 3457 vice
347 3410 481 3458 circa
510 3412 725 3469 primam
756 3413 931 3460 horam
964 3412 1143 3471 noctiS,
1167 3414 1391 3461 secunda
1414 3414 1548 3462 circa
1569 3416 1863 3474 secundam,
1884 3417 1934 3462 et
1956 3416 2107 3464 tertia

208 3484 342 3531 circa
368 3484 589 3543 tertiam,
622 3487 842 3535 exclusis
871 3487 1134 3545 omnibuS‚
1188 3487 1276 3547 qui
1321 3487 1374 3533 in
1419 3490 1647 3536 conclavi
1692 3502 1951 3537 remanere
2001 3503 2103 3537 non

209 3557 409 3618 debent,
439 3559 580 3608 intus
610 3560 661 3607 et
690 3561 839 3615 extra
872 3561 1156 3620 claudatur,
1190 3562 1241 3609 et
1271 3563 1439 3610 claves
1470 3562 1519 3610 S.
1555 3564 1612 3609 R.
1651 3565 1704 3620 E.
1739 3564 2018 3619 camerario
2049 3577 2107 3612 ac
