2488 4290
1973 323 2065 370 319

153 439 285 492 dum
324 428 595 504 artifices,
657 443 710 490 et
748 434 1096 488 fabricatores
1134 429 1407 485 mendacii
1460 444 1571 481 non
1636 435 1848 480 cessant
1910 443 2065 481 mon-

151 531 322 580 strosa
344 540 594 592 quaeque
620 528 864 576 veterum
905 535 1155 572 errorum
1194 521 1465 586 portenta,
1512 516 1621 567 iam
1651 515 2067 581 sapientissimis

140 611 367 678 -scriptis
407 611 563 663 toties
603 609 891 677 profligata
929 621 991 659 ac
1028 603 1275 674 depulsa,
1319 601 1751 668 gravissimoque
1797 599 2066 652 Ecclesiae

152 697 357 749 iudicio
397 697 672 758 damnata,
718 711 747 746 e
788 692 1030 746 tenebris
1069 690 1319 752 excitare,
1365 700 1536 754 eaque
1574 687 1757 749 noviS,
1802 687 1968 738 variis
2008 702 2069 738 ac

151 781 519 835 fallacissimis
557 780 753 832 formis
790 777 1080 844 verbisque
1120 788 1369 841 expressa
1407 788 1759 840 exaggerare,
1803 778 1855 824 et
1890 772 2070 823 modis

153 868 415 922 omnibus
455 880 842 932 usquequaque
888 862 1269 915 disseminare.
1314 860 1426 911 Hac
1463 857 1841 911 funestissima
1867 874 1928 910 ac
1954 858 2070 909 dia-

152 954 333 1009 bolica
369 968 589 1021 prorsus
627 955 742 1002 arte
783 964 970 1002 rerum
1009 947 1263 1000 omniurn
1303 945 1592 998 scientiam
1650 944 2061 1005 contaminant,

153 1041 465 1108 deturpant,
508 1035 862 1089 mortiferum
901 1034 967 1085 ad
994 1034 1306 1086 animarum
1334 1032 1636 1098 perniciem
1675 1030 1824 1081 virus
1862 1029 2070 1080 diffun-

153 1112 328 1191 dunt,
394 1127 715 1177 effrenatam
780 1121 1001 1173 vivendi
1058 1118 1343 1172 licentiam
1384 1125 1438 1171 et
1475 1132 1663 1189 pravas
1698 1131 1941 1182 quasque
1980 1131 2071 1168 cu·

151 1213 405 1282 piditates
442 1211 642 1272 fovent,
688 1207 1017 1273 religiosum
1063 1222 1125 1258 ac
1168 1204 1425 1259 socialem
1466 1204 1719 1256 ordinem
1760 1203 2064 1268 invertunt,

153 1306 206 1351 et
242 1313 463 1351 omnem
502 1296 779 1358 iustitiae,
826 1293 1069 1347 veritatis
1091 1333 1107 1359 ,
1152 1292 1303 1353 iuris,
1332 1292 1652 1343 vhonestatis
1691 1295 1747 1342 et
1784 1290 2069 1354 religionis

152 1384 336 1436 ideam
377 1383 719 1448 exstinguere
756 1385 1053 1443 conantur,
1101 1384 1154 1430 et
1190 1378 1543 1431 sanctissima
1581 1376 1783 1428 Christi
1811 1377 2070 1442 dogmata

153 1470 459 1522 doctrinam
498 1467 748 1531 irrident,
794 1471 1177 1531 contemnunt,
1222 1469 1562 1532 oppugnant.
1608 1463 1809 1514 Horret
1844 1463 2070 1528 quidem

153 1555 471 1622 refugitque
511 1554 746 1615 animus
791 1568 854 1604 ac
891 1551 1217 1603 reformidat
1252 1548 1338 1602 vel
1378 1549 1569 1602 leviter
1609 1548 1879 1614 attingere
1918 1562 2071 1614 prae-

154 1642 343 1710 cipuos
384 1646 596 1693 tantum
636 1638 1034 1707 pestiferosque
1073 1652 1295 1700 errores,
1340 1635 1541 1703 quibus
1599 1634 1929 1688 huiusmodi
1968 1634 2071 1685 ho-

153 1729 332 1780 mines
371 1725 701 1779 miserrimis
741 1725 891 1779 hisce
933 1723 1271 1792 temporibus
1312 1722 1498 1774 divina
1555 1730 1610 1774 et
1648 1721 1895 1774 humana
1933 1737 2071 1778 cun·

153 1822 240 1870 cta
275 1815 623 1882 permiscent.

223 1901 394 1954 Nemo
432 1898 683 1952 Vestrum
725 1900 976 1966 ignorat,
1041 1896 1397 1952 Venerabiles
1436 1898 1684 1960 FratreS,
1749 1898 1817 1950 ab
1879 1897 2070 1948 huius-

153 1987 306 2041 modi
343 1986 664 2040 hominibus
703 1985 867 2055 plane
907 1986 1118 2040 destrui
1177 1985 1544 2039 necessariam
1583 1982 1737 2037 illam
1778 1983 2073 2037 cohaeren-

156 2300 450 2348 menzogna
482 2301 586 2337 non
618 2299 827 2336 cessano
860 2286 912 2334 di
943 2286 1107 2334 trarre
1139 2285 1270 2333 dalle
1302 2285 1512 2333 tenebre
1545 2285 1590 2332 le
1622 2284 1905 2333 mostruose
1930 2297 2075 2333 enor-

157 2374 324 2413 mezze
355 2363 406 2411 di
438 2363 615 2411 vecchi
646 2362 821 2422 errori,
857 2361 949 2421 gia
979 2361 1045 2408 da
1075 2360 1440 2420 sapientissimi
1472 2359 1638 2407 scritti
1670 2360 1815 2407 tante
1847 2359 1982 2408 volte
2006 2349 2078 2407 di-

155 2437 297 2487 sfatti
327 2451 355 2487 e
386 2437 677 2485 annientati
708 2450 736 2484 e
768 2437 851 2482 dal
883 2435 1192 2496 gravissimo
1215 2434 1445 2500 giudizio
1479 2435 1611 2481 della
1633 2434 1815 2482 Chiesa
1840 2435 2075 2494 dannati,

156 2525 184 2561 e
214 2512 267 2560 di
296 2512 575 2572 esagerarli
607 2512 824 2571 espressi
857 2524 952 2558 con
989 2523 1176 2569 nuove,
1211 2509 1369 2569 varie,
1394 2508 1717 2556 fallacissime
1739 2508 1896 2556 forme
1919 2510 1970 2557 di
1992 2523 2079 2569 pa-

154 2588 278 2646 role,
312 2600 340 2634 e
371 2586 421 2633 di
456 2580 795 2634 disseminarli
829 2599 918 2644 per
950 2586 1078 2645 ogni
1110 2585 1258 2632 niodo
1291 2585 1357 2631 da
1379 2596 1467 2642 per
1489 2583 1642 2631 tutto.
1668 2584 1775 2631 Con
1798 2585 2078 2644 quest’arte

153 2661 504 2709 funestissima
534 2675 562 2708 e
593 2661 769 2708 affatto
801 2660 1049 2707 diabolica
1081 2660 1464 2718 contaminanO,
1500 2658 1785 2717 deturpano
1806 2659 1856 2705 la
1878 2660 2079 2707 scienza

157 2736 209 2783 di
240 2735 377 2784 tutte
406 2737 453 2783 le
484 2748 614 2795 cose,
650 2735 943 2782 diffondono
976 2748 1049 2781 un
1081 2735 1205 2794 lago
1239 2734 1301 2780 di·
1324 2733 1582 2781 mortifero
1626 2734 1806 2782 veleno
1846 2747 1876 2780 a
1916 2735 2080 2793 perdi-

158 2812 303 2859 zione
334 2811 463 2858 delle
495 2810 683 2870 anime,
718 2810 1011 2858 fomentano
1042 2810 1093 2856 la
1122 2808 1353 2857 sfrenata
1384 2808 1578 2856 licenza
1608 2809 1688 2874 del
1710 2809 1881 2856 vivere
1903 2822 1930 2856 e
1952 2810 2081 2869 ogni

155 2885 295 2934 sorta
327 2885 378 2932 di
409 2886 651 2945 malvage
682 2883 928 2944 cupidita,
951 2886 1303 2944 sconvolgono
1324 2885 1542 2933 l'ordine
1564 2885 1804 2945 religioso
1827 2900 1854 2933 e
1875 2886 2076 2945 sociale,

155 2969 184 3008 ο
213 2960 256 3007 si
298 2959 619 3008 contendono
671 2959 722 3006 di
764 2959 1063 3019 estinguere
1102 2961 1402 3020 qualunque
1441 2960 1560 3008 siasi
1604 2962 1836 3009 concetto
1875 2961 1926 3008 di
1964 2960 2080 3020 giu-

156 3034 318 3094 stizia,
352 3035 404 3082 di
436 3035 616 3094 verita,
652 3035 703 3082 di
735 3035 928 3095 diritto,
954 3034 1005 3081 di
1036 3034 1215 3083 onesta
1236 3048 1264 3083 e
1286 3035 1336 3082 di
1359 3035 1628 3095 religione,
1653 3050 1680 3084 e
1701 3035 2076 3094 scherniscono,

156 3121 487 3173 sprezzanoxe
518 3123 837 3170 oppugnano
867 3111 917 3156 la
949 3109 1176 3158 dottrina
1197 3123 1224 3157 e
1254 3109 1271 3156 i
1305 3110 1583 3158 santissimi
1607 3111 1798 3158 dommi
1822 3111 1874 3158 di
1895 3110 2075 3158 Cristo.

156 3185 388 3232 L’animo
410 3197 508 3245 -per
540 3197 660 3232 vero
691 3184 981 3233 abborrisce
1012 3197 1041 3232 e
1078 3184 1294 3244 rifugge
1326 3197 1353 3231 e
1384 3185 1426 3231 si
1469 3184 1744 3244 sgomenta
1786 3197 1816 3230 a
1858 3184 2076 3244 toccum,

156 3271 344 3308 ancora
376 3260 469 3308 che
499 3260 823 3318 lievemente‚
857 3258 874 3304 i
906 3258 998 3307 soli
1030 3258 1261 3318 precipui
1292 3273 1319 3307 e
1350 3258 1576 3318 pestiferi
1607 3260 1782 3317 errori,
1819 3258 1896 3307 coi
1939 3260 2078 3320 quali

156 3334 333 3383 cotesti
353 3335 567 3393 uomini,
592 3335 677 3383 nei
698 3334 924 3394 presenti
945 3333 1374 3393 sciaguratissimi
1395 3334 1572 3395 tempi,
1597 3334 1916 3384 confondono
1942 3335 2077 3385 tutte

154 3409 203 3458 le
230 3421 422 3458 umane
454 3423 566 3458 cose
597 3423 625 3458 e
654 3411 702 3456 le
734 3409 928 3457 divine.

213 3483 384 3531 Niuno
416 3483 467 3530 di
497 3484 592 3531 Voi
622 3484 827 3543 ignora,
863 3482 1153 3532 Venerabili
1185 3483 1407 3544 Fratelli,
1444 3497 1583 3533 come
1615 3485 1811 3533 costoro
1846 3485 2072 3544 distr-nge

156 3566 298 3627 gano
327 3557 652 3616 pienamente
686 3559 855 3619 quella
886 3571 1147 3615 coerenza,
1180 3559 1273 3606 che
1295 3572 1383 3618 per
1406 3559 1613 3613 volonta
1637 3560 1688 3605 di
1711 3559 1802 3607 Dio
1826 3558 1894 3621 lia
1915 3560 2071 3617 luogo
