2488 4290
419 401 513 448 118

414 515 553 559 teras
591 511 658 561 ad
697 510 804 562 hoc
841 513 1146 566 Concilium
1186 516 1547 570 indicendum
1577 520 1846 585 dedimuS‚
1891 523 2048 575 Viros
2083 523 2320 575 Theolo-

409 607 507 657 gos
547 600 600 645 et
636 597 986 651 ecclesiastici
1029 601 1164 652 iuris
1206 603 1505 667 ConsultOS,
1553 620 1614 656 ex
1650 591 1816 658 variis
1854 609 2125 660 Catholici
2165 609 2319 660 Orbis

409 681 729 743 regionibus
766 684 823 734 in
863 686 1010 737 hanc
1049 686 1253 738 almam
1297 689 1493 740 Urbem
1537 691 1782 744 Nostram
1823 696 2127 747 evocandos
2165 710 2319 746 cura-

408 765 670 832 verimus,
714 776 775 819 ut
814 786 928 822 una
967 787 1094 823 cum
1121 772 1242 824 aliis
1282 773 1452 825 huius
1493 775 1664 842 UrbiS,
1707 784 1760 830 et
1795 781 2116 831 earumdem
2156 781 2320 832 disci-

406 849 685 916 plinarum
711 856 900 921 peritis
925 858 1072 920 viriS,
1119 859 1282 910 rebus
1307 862 1637 926 apparandis
1667 864 1861 915 darent
1901 881 2141 931 operam,
2176 880 2316 932 quae

407 936 476 987 ad
513 937 683 990 huius
722 939 1002 993 Generalis
1041 944 1250 1008 Synodi
1290 960 1517 1013 scopum
1557 950 1855 1016 pertinent,
1921 957 2082 1017 atque
2120 953 2195 1003 ita
2234 967 2319 1003 ex-

407 1023 647 1088 peditior
681 1027 769 1075 via
805 1027 862 1077 in
903 1043 1094 1080 rerum
1162 1033 1482 1083 tractatione
1546 1034 1798 1087 Patribus
1861 1043 2043 1102 patere
2100 1043 2277 1103 posset
2295 1052 2310 1102 ;

404 1107 537 1160 hinc
573 1110 835 1163 volumus
874 1119 928 1164 et
965 1116 1315 1183 mandamus,
1359 1126 1422 1168 ut
1459 1120 1709 1171 schemata
1746 1123 2096 1174 decretorum
2138 1129 2192 1174 et
2229 1137 2318 1174 ca-

406 1209 618 1246 nonum
658 1197 725 1247 ab
763 1197 959 1249 iisdem
998 1201 1131 1251 viris
1169 1217 1417 1269 expressa
1452 1211 1506 1255 et
1530 1206 1766 1270 redacta,
1812 1223 1953 1274 quae
1994 1210 2117 1274 Nos,
2160 1209 2317 1260 nulla

403 1278 593 1332 Nostra
630 1283 1028 1347 approbatione
1067 1288 1319 1352 munita,
1364 1290 1580 1355 integra
1617 1293 1831 1358 integre
1868 1296 2087 1346 Patrum
2127 1295 2315 1358 cogni-

407 1366 543 1416 tioni
583 1369 1017 1436 reservavimUS,
1060 1371 1259 1424 iisdem
1297 1375 1546 1428 Patribus
1586 1378 1644 1428 in
1685 1380 2175 1444 Congregationem
2215 1381 2317 1432 Ge-

407 1451 655 1503 neralem
680 1453 929 1506 collectis
953 1457 1021 1507 ad
1049 1473 1275 1511 examen
1303 1466 1357 1511 et
1384 1462 1661 1514 iudicium
1689 1465 2069 1516 subiiciantur.
2101 1465 2311 1532 Itaque,

407 1538 726 1590 curantibus
764 1543 1085 1597 memoratis
1122 1545 1503 1611 PraesidibuS,
1572 1548 1783 1616 aliquot
1833 1557 1958 1602 ante
1999 1551 2113 1603 dies
2149 1566 2313 1616 quam

406 1621 764 1689 congregatio
822 1623 1109 1680 Generalis
1149 1630 1443 1695 habeatur,
1514 1634 1858 1686 decretorum
1920 1643 1973 1688 et
2035 1651 2313 1688 canonum

406 1708 704 1772 schemata,
750 1711 816 1761 de
854 1713 1057 1777 quibus
1094 1716 1154 1765 in
1193 1717 1621 1783 Congregatione
1646 1722 1854 1772 indicta
1879 1723 2154 1787 agendum
2187 1723 2310 1786 erit,

405 1793 550 1859 typis
589 1794 855 1861 impressa
893 1797 1132 1862 singulis
1170 1801 1424 1867 Patribus
1463 1803 1891 1872 distribuentur,
1933 1822 2043 1873 quo
2083 1807 2312 1858 interim
2348 1849 2351 1852 .

402 1876 500 1929 illa
538 1877 790 1945 diligenti
829 1884 1268 1937 consideratione
1325 1889 1384 1939 in
1448 1905 1670 1942 omnem
1709 1898 1922 1958 partem
1963 1893 2308 1958 expendant,

402 1969 456 2014 et
493 1965 629 2030 quid
667 1966 774 2018 sibi
814 1970 1120 2021 sententiae
1160 1987 1274 2023 esse
1315 1974 1522 2040 debeat,
1573 1985 1835 2030 accurate
1875 1979 2209 2045 pervideant.
2254 1978 2312 2036 Si,

399 2308 596 2357 Lettere
642 2322 731 2369 per
780 2312 830 2357 la
873 2311 1241 2360 convocazione
1289 2311 1340 2358 di
1377 2310 1554 2371 questo
1599 2309 1839 2370 Concilio,
1871 2320 2226 2369 procurammo
2258 2308 2310 2357 di

396 2384 653 2431 chiamare
683 2386 738 2430 in
771 2387 950 2445 questa
980 2387 1163 2432 Nostra
1194 2386 1327 2431 alma
1349 2384 1485 2431 citt-a
1506 2386 1636 2431 dalle
1658 2385 1798 2432 varie
1829 2385 2031 2443 regioni
2053 2384 2307 2432 dell'Orbe

397 2457 639 2506 Cattolico
670 2460 866 2505 uomini
898 2459 1026 2506 dotti
1060 2449 1194 2506 nella
1225 2459 1464 2517 Teologia
1493 2472 1520 2506 0
1551 2459 1739 2506 versati
1772 2461 1857 2506 nel
1881 2459 2047 2506 Dritto
2076 2460 2310 2507 ecclesia-

396 2533 539 2592 stico,
572 2533 835 2580 acciocche
864 2533 1076 2580 insieme
1109 2545 1204 2580 con
1237 2533 1354 2579 altri
1397 2534 1714 2592 personaggi
1748 2534 1798 2579 di
1831 2533 2010 2593 questa
2041 2533 2192 2593 Citta,
2225 2546 2310 2592 pe-

394 2606 481 2651 riti
511 2608 643 2653 nelle
674 2608 946 2655 medesime
994 2608 1277 2667 discipline,
1320 2607 1518 2654 dessero
1549 2620 1702 2666 opera
1733 2608 1797 2653 ad
1845 2608 2231 2666 apparecchiare
2261 2609 2308 2672 le

395 2680 605 2727 materie
637 2680 730 2727 che
760 2681 1076 2739 riguardano
1106 2683 1156 2727 lo
1186 2693 1335 2740 scopo
1383 2681 1435 2727 di
1465 2681 1643 2741 questo
1688 2683 1929 2739 generale
1962 2682 2166 2740 Sinodo‚
2199 2693 2308 2740 per-

396 2753 490 2800 che
521 2753 623 2801 cosi
654 2754 697 2800 si
728 2755 924 2812 potesse
956 2756 1168 2801 rendere
1200 2756 1249 2800 ai
1280 2755 1430 2802 Padri
1461 2754 1551 2813 piu
1600 2755 1796 2813 spedita
1826 2756 1875 2801 la
1908 2756 1988 2802 via
2020 2757 2153 2803 nella
2183 2756 2308 2803 trat-

394 2827 592 2873 tazione
624 2823 750 2874 delle
778 2840 915 2887 cose;
948 2829 1117 2887 percio
1148 2829 1407 2887 vogliamo
1439 2842 1466 2876 e
1498 2830 1850 2876 comandiamo
1882 2829 1975 2877 che
2007 2831 2083 2889 gli
2113 2831 2305 2878 schemi

395 2901 475 2947 dei
505 2901 694 2948 decreti
725 2915 751 2948 e
784 2902 864 2949 dei
898 2903 1083 2948 canoni
1104 2904 1234 2949 dalle
1267 2903 1558 2950 mentovate
1588 2893 1802 2962 persone
1834 2905 2048 2963 espressi
2079 2905 2140 2951 ed
2173 2904 2306 2950 ordi-

394 2974 522 3034 nati,
567 2974 584 3019 i
628 2976 768 3035 quali
807 2976 918 3035 Noi,
966 2989 1118 3024 senza
1171 2977 1382 3023 munirli
1414 2977 1464 3022 di
1495 2978 1658 3023 niuna
1704 2977 1886 3024 Nostra
1917 2978 2302 3037 approvazione,

398 3049 632 3095 abbiamo
662 3050 896 3097 riservati
926 3051 1078 3098 interi
1109 3051 1172 3098 ed
1201 3051 1540 3098 interamente
1566 3052 1664 3098 alla
1696 3051 1996 3110 cognizione
2018 3052 2098 3098 dei
2131 3052 2301 3110 Padri,

393 3123 534 3170 sieno
565 3122 848 3170 sottomessi
879 3125 1134 3172 all'esame
1167 3138 1194 3172 e
1226 3127 1274 3172 al
1306 3125 1533 3183 giudizio
1565 3126 1643 3173 de’
1666 3126 1814 3172 Padri
1862 3125 2124 3172 medesimi
2153 3125 2305 3172 radu-

391 3196 502 3243 nati
530 3197 587 3243 in
618 3197 1039 3256 congregazione
1070 3201 1332 3257 generale.
1367 3200 1461 3246 Per
1481 3201 1531 3246 la
1552 3201 1673 3259 qual
1693 3212 1826 3259 cosa,
1853 3212 1883 3246 a
1904 3212 2028 3246 cura
2059 3199 2139 3245 dei
2160 3212 2304 3247 men-

391 3270 580 3316 zionati
609 3271 906 3331 Presidenti‚
939 3273 1112 3319 alcuni
1142 3273 1316 3331 giorni
1346 3273 1558 3319 innanzi
1589 3273 1681 3321 che
1713 3274 1757 3320 si
1804 3273 1966 3332 tenga
1995 3274 2046 3319 la
2077 3272 2302 3331 Congre-

393 3344 608 3402 gazione
639 3346 899 3405 generale,
940 3346 1016 3404 gli
1058 3345 1249 3393 schemi
1295 3346 1376 3393 dei
1424 3346 1611 3395 decreti
1642 3359 1670 3394 e
1701 3346 1781 3393 dei
1812 3347 2013 3406 canoni,
2062 3346 2141 3393 de’
2161 3346 2300 3406 quali

391 3416 549 3465 dovra
578 3417 807 3466 trattarsi
837 3419 970 3466 nella
1001 3419 1422 3478 Congregazione
1443 3420 1699 3480 intimata,
1722 3421 1872 3467 messi
1904 3432 1934 3466 a
1966 3421 2166 3479 stampa
2186 3432 2299 3467 ver-

391 3503 558 3538 ranno
589 3492 866 3539 distribuiti
909 3495 955 3540 a’
970 3493 1160 3552 singoli
1190 3494 1358 3553 Padri,
1392 3494 1655 3542 acciocche
1685 3493 1888 3540 intanto
1920 3506 2015 3541 0011
2048 3494 2298 3552 diligente

391 3566 798 3614 considerazione
828 3567 864 3613 11
894 3579 1110 3626 possano
1148 3569 1431 3616 esaminare
1470 3569 1525 3614 in
1565 3568 1732 3616 tutt'i
1775 3569 1925 3629 versi,
1970 3582 1999 3626 e
2040 3569 2300 3616 accurata-

391 3631 563 3688 mente
585 3642 943 3703 comprendere
974 3643 1122 3703 quale
1154 3642 1316 3690 debba
1347 3655 1510 3691 essere
1539 3644 1589 3689 10
1608 3645 1714 3690 loro
1735 3643 1990 3691 sentenza.
2023 3643 2087 3692 Se
2109 3644 2296 3691 alcuno
