2488 4290
1979 357 2058 405 :3⁶21

153 452 314 528 totius
350 448 617 524 Ecclesiae
653 470 870 522 Pastore
912 469 1183 520 divinitus
1212 467 1531 531 constitute,
1574 463 1747 526 libere
1781 481 1844 515 ac
1872 473 2063 516 mutuo

156 560 595 618 communicent,
642 555 902 623 ut⁴plane
943 553 1276 606 dissolvatur
1317 551 1618 603 necessaria
1669 558 1723 601 et
1769 552 2068 602 arctissima

148 645 250 698 illa
299 635 634 707 coniunctio,
678 658 819 709 quae
859 642 1004 692 inter
1040 641 1287 691 membra
1327 638 1541 703 mystici
1594 637 1833 703 corporis
1871 636 2068 687 Christi

157 740 210 784 et
244 730 611 799 adspectabile
639 743 805 780 suum
844 728 1032 794 Caput,
1080 742 1139 776 ex
1179 726 1365 776 divina
1405 725 1581 789 ipsius
1620 723 1819 773 Christi
1850 722 2069 773 Domini

150 818 518 878 institutione,
562 828 679 865 esse
707 814 950 874 xomnino
991 812 1164 862 debet.
1211 809 1360 862 Nihil
1397 825 1526 862 vero
1570 809 1765 860 timent
1791 809 1945 858 omni
1973 807 2071 859 sal,

154 902 292 967 lucia
330 918 392 953 ac
427 900 553 954 dolo
595 902 651 951 in
690 896 887 962 vulgus
924 897 1168 964 proferre
1191 939 1202 959 ‚
1267 911 1447 947 sacros
1487 893 1748 946 Ecclesiae
1786 893 2072 945 ministros

34 1047 36 1051 ,
153 989 569 1053 Romanumque
607 982 928 1036 Pontificem
968 983 1033 1034 ab
1074 984 1229 1033 omni
1268 997 1455 1034 rerum
1519 979 1907 1048 temporalium
1949 980 2068 1031 iure

84 1086 86 1092 ’
151 1091 213 1127 ac
250 1074 499 1125 dominio
542 1071 657 1124 esse
698 1070 928 1122 omnino
969 1068 1354 1119 excludendos,
2084 1063 2087 1067 '

223 1161 453 1212 Summa
491 1163 773 1226 praeterea
810 1155 1162 1221 impudentia
1201 1169 1442 1205 asserere
1481 1169 1597 1204 non·
1645 1154 1933 1215 dubitant,
1990 1154 2071 1205 di-

152 1255 338 1307 vinam
377 1250 774 1303 revelationem
814 1264 929 1299 non
956 1245 1138 1298 solum
1179 1244 1324 1296 nihil
1363 1245 1636 1312 prodesse,
1682 1261 1876 1297 verum
1904 1247 2072 1297 etiam

157 1355 355 1392 nocere
394 1327 645 1389 hominis
675 1322 1030 1402 perfectioni,
1076 1334 1362 1400 ipsamque
1391 1333 1638 1383 divinam
1675 1332 2073 1383 revelationem

158 1441 269 1479 esse
308 1425 690 1491 imperfectam
713 1461 730 1487 ‚
794 1427 848 1472 et
883 1421 1081 1471 iccirco
1122 1419 1427 1471 subiectam
1465 1419 1694 1470 continuo
1733 1425 1783 1470 et
1818 1417 2074 1485 indefinito

156 1512 507 1578 progressui,
571 1510 668 1575 qui
723 1507 1003 1564 humanae
1043 1506 1276 1556 rationis
1314 1506 1687 1572 progressioni
1726 1505 2067 1571 respondeat.

158 1599 265 1651 Nec
301 1603 563 1648 verentur
598 1593 829 1662 proinde
867 1594 1088 1661 iactare,
1135 1590 1451 1657 prophetias
1490 1597 1543 1641 et
1580 1589 1866 1654 miracula,
1910 1592 1971 1641 in
1995 1606 2077 1642 sa-

164 1685 266 1736 cris
302 1683 512 1735 Litteris
551 1681 792 1746 exposita
831 1686 884 1730 et
923 1664 1176 1743 narrata,
1244 1693 1358 1728 esse
1398 1681 1688 1744 poetarum
1729 1683 2069 1747 commenta,

158 1776 212 1822 et
251 1773 593 1820 sacrosancta
631 1766 849 1817 divinae
877 1764 1008 1815 fidei
1034 1770 1247 1814 nostrae
1274 1764 1539 1828 mysteria
1566 1762 2077 1830 philosophicarum

162 1853 651 1919 investigationum
690 1866 966 1902 summam
996 1890 1011 1914 ,
1080 1864 1142 1900 ac
1180 1849 1384 1898 divinis
1429 1850 1718 1914 utriusque
1770 1836 2076 1901 testamenti

161 1939 316 2003 libris
343 1937 590 2005 mythica
617 1937 888 1988 contineri
914 1938 1156 1995 inventa,
1203 1941 1257 1985 et
1283 1937 1464 2002 ipsum
1501 1935 1798 1986 Dominum
1824 1935 2076 1988 Nostrum

156 2024 335 2078 Iesum
374 2024 653 2076 Christum
680 2065 692 2085 ‚
736 2021 1008 2074 horribile
1050 2018 1229 2074 dictu!
1268 2012 1572 2087 mythicam
1613 2036 1729 2073 esse
1772 2020 2058 2073 fictionem

40 2388 43 2392 Ι
158 2327 365 2387 Ohiesa3
399 2326 450 2372 di
481 2325 635 2384 guisa
666 2325 758 2372 che
789 2325 833 2371 si
874 2335 1049 2382 venga
1091 2323 1461 2370 onninamente
1504 2336 1534 2368 a
1578 2322 1849 2370 dissolvere
1898 2323 2066 2382 quella

36 2402 41 2423 ²
69 2439 75 2442 .
157 2400 443 2448 necessaria
473 2412 500 2447 e
531 2399 856 2446 strettissima
888 2398 1265 2456 congiunzione
1298 2398 1408 2457 che,
1441 2398 1658 2444 secondo
1689 2398 1739 2443 la
1762 2398 1939 2443 divina
1963 2398 2072 2443 isti-

157 2475 362 2522 tuzione
392 2474 520 2522 dello
551 2475 709 2521 stesso
752 2473 916 2520 Oristo
964 2472 1202 2532 signore,
1253 2472 1379 2519 deve
1426 2472 1822 2519 assolutamente
1869 2484 2075 2531 passare

163 2551 246 2596 fra
276 2550 294 2595 i
324 2549 538 2596 membri
570 2549 651 2596 del
683 2548 882 2595 mistico
914 2547 1076 2606 Corpo
1108 2547 1159 2593 di
1192 2546 1354 2601 Qristo
1386 2560 1412 2593 e
1442 2547 1478 2592 11
1499 2559 1590 2593 suo
1612 2546 1809 2593 visibile
1830 2545 1982 2605 Capo.
2007 2546 2081 2592 Ne

164 2623 339 2670 hanno
366 2623 533 2682 ,punto
565 2623 814 2682 riguardo
848 2623 899 2669 di
932 2623 1204 2680 divulgare
1238 2635 1333 2668 con
1367 2622 1494 2680 ogni
1525 2621 1726 2668 fallacia
1747 2622 1809 2668 ed
1840 2621 2079 2679 ing-anno

157 2698 250 2746 che
280 2700 297 2744 1
330 2687 459 2746 sacri
499 2697 725 2744 ministri
756 2698 874 2745 edil
906 2697 1160 2744 Pontefice
1195 2697 1423 2744 Romano
1455 2697 1498 2743 si
1529 2697 1759 2744 debbono
1779 2696 2081 2743 totalmente

163 2772 420 2819 escludere
451 2772 516 2818 da
553 2771 896 2831 qualsivoglia
928 2771 1103 2818 diritto
1135 2783 1162 2818 e
1193 2771 1419 2818 dominio
1451 2771 1503 2817 di
1523 2778 1647 2818 'cose
1678 2771 1961 2830 temporali.

32 2884 35 2885 γ
221 2847 411 2894 Inoltre
444 2859 539 2894 con
578 2859 773 2893 somma
804 2847 1112 2905 impudenza
1142 2858 1249 2892 non
1282 2846 1530 2892 dubitano
1563 2847 1615 2892 di
1646 2858 1954 2904 asseverare,
1989 2845 2080 2892 che

82 2960 85 2963 .
159 2921 210 2967 la
241 2920 418 2967 divina
449 2919 755 2967 rivelazione
787 2933 893 2967 non
926 2931 1054 2978 pure
1106 2932 1137 2966 a
1174 2919 1353 2967 niente
1399 2921 1575 2980 giova‚
1625 2933 1711 2966 ma
1757 2920 1849 2966 che
1896 2931 2085 2966 ancora

159 3007 323 3042 nuoce
352 2995 454 3041 alla
483 2993 767 3054 perfezione
799 2995 1088 3055 dell’uomo,
1129 3007 1157 3042 e
1179 2994 1272 3042 che
1302 2996 1353 3041 la
1386 2995 1663 3042 medesima
1696 2996 1874 3042 divina
1904 2995 2084 3042 rivela-

44 3128 46 3130 ,
166 3069 311 3116 zione
341 3068 370 3116 e
398 3069 688 3130 imperfetta
725 3082 752 3116 e
781 3069 950 3128 percio
981 3069 1259 3128 sottoposta
1290 3071 1339 3116 al
1370 3070 1598 3117 continuo
1630 3083 1656 3117 e
1689 3069 1945 3129 indefinito
1966 3081 2078 3127 pro-

42 3171 46 3180 ·
71 3171 75 3174 >
111 3142 136 3179 ἲ
162 3155 356 3203 gressQ
387 3144 423 3190 il
455 3145 615 3204 quale,
638 3145 886 3202 risponda
917 3145 966 3190 al
987 3156 1260 3203 progresso
1282 3145 1596 3208 dell'umana
1616 3145 1850 3203 ragione.
1877 3143 2078 3189 Laonde

40 3215 42 3217 ’
165 3229 270 3264 non
301 3219 641 3266 arrossiscono
674 3219 725 3265 di
756 3219 1014 3277 spacciare
1053 3218 1146 3265 che
1182 3220 1230 3266 le
1258 3208 1489 3278 ‘profezie
1520 3232 1547 3267 e
1578 3220 1595 3264 i
1628 3219 1857 3266 miracoli
1897 3218 2082 3276 esposti

165 3304 192 3338 e
216 3292 419 3340 'narrati
449 3294 580 3341 nelle
612 3305 753 3341 sacre
784 3293 983 3341 Lettere
1039 3306 1163 3340 sono
1193 3293 1358 3341 favole
1390 3293 1455 3339 da
1485 3294 1639 3352 poeti,
1673 3307 1699 3340 e
1747 3294 1763 3338 1
1805 3292 2084 3340 sacrosanti

34 3404 43 3413 .
169 3366 364 3414 misteri
386 3367 517 3415 della
538 3367 713 3414 nostra
735 3367 911 3414 divina
933 3368 1043 3414 fede
1065 3381 1139 3414 un
1161 3368 1461 3427 compendio
1484 3369 1535 3414 di
1558 3368 1831 3415 filosofiche
1853 3367 2079 3426 specula-

43 3439 57 3500 ‚⁵
135 3437 316 3499 ·-zioni,
348 3454 376 3488 e
404 3441 496 3489 che
527 3443 611 3488 nei
632 3442 796 3489 divini
826 3442 943 3489 libri
983 3442 1210 3490 dell’uno
1234 3456 1261 3490 e
1283 3443 1534 3490 dell’altro
1565 3443 1888 3489 Testamento
1909 3441 1950 3486 si
1973 3452 2088 3486 con-

25 3509 32 3534 ²
163 3513 394 3573 tengono
424 3515 720 3563 invenzioni
751 3516 976 3576 mitione,
1011 3517 1073 3563 ed
1103 3517 1219 3563 anzi
1249 3518 1298 3564 lo
1330 3518 1489 3564 stesso
1522 3516 1712 3575 Signor
1745 3516 1917 3562 nostro
1950 3513 2086 3560 Gesu

163 3583 335 3636 Oristo'
361 3589 583 3651 (orribile
616 3602 647 3638 a
680 3589 860 3651 dii-sit)
907 3590 1173 3639 anch’esso
1217 3589 1244 3639 e
1286 3604 1361 3638 un
1400 3591 1542 3638 mit0.
1587 3591 1700 3637 Per‘
1721 3591 1770 3635 la
1809 3589 1929 3649 qual
1970 3598 2085 3634 cosa

1746 3725 1796 3767 21
