2488 4290
1902 318 1995 367 285

90 404 272 461 tatem,
319 394 772 462 tranquillitatem
826 405 1117 465 suppetere
1155 407 1208 452 et
1246 409 1526 468 constare,
1573 420 1727 472 posse
1787 408 1855 459 ad
1908 423 1992 460 res

65 481 358 535 Ecclesiae
413 479 710 534 Nobiscum
766 480 873 533 rite
929 484 1334 549 pertractandas
1354 502 1369 553 ;
1421 502 1656 555 cumque
1715 497 1993 558 praeterea

91 560 442 622 necessitates
479 564 771 631 fidelium,
824 566 884 616 in
944 568 1110 621 tantis
1166 570 1340 636 iisque
1395 574 1695 627 notissimis
1751 578 1990 644 Europae

91 652 496 709 calamitatibus
533 656 588 704 et
626 649 887 718 motibus,
934 658 1011 705 tot
1047 654 1291 708 Pastores
1318 674 1348 708 a
1374 659 1487 712 suis
1513 658 1760 713 Ecclesiis
1802 662 1991 715 abesse

90 739 240 794 haud
277 738 590 807 patiantur;
634 735 842 789 idcirco
879 737 1012 801 Nos,
1058 754 1122 792 eo
1173 756 1258 792 res
1310 742 1570 797 adductas
1625 759 1827 811 magno
1865 762 1991 800 cum

92 825 267 880 animi
303 822 482 878 Nostri
522 836 774 875 moerore
812 824 1225 891 perspicienteS,
1259 828 1660 883 utVaticanum
1688 832 1993 885 Concilium

91 910 187 965 tali
224 910 284 963 in
325 915 568 976 tempore
606 921 834 960 cursum
875 924 1040 961 suum
1089 914 1317 966 omnino
1378 920 1559 968 tenere
1616 931 1730 969 non
1783 919 1985 985 possit,

89 996 306 1067 praevia
342 998 562 1047 matura
599 991 1031 1061 deliberatione,
1061 1004 1216 1050 motu
1253 1001 1499 1068 proprie,
1554 1001 1798 1055 eiusdem
1850 1003 1996 1056 Vati·

91 1083 215 1136 cani
274 1078 624 1135 oecumenici
683 1079 913 1132 Concilii
972 1080 1435 1151 celebrationem,
1497 1101 1662 1153 usque
1723 1088 1790 1139 ad
1845 1087 1995 1141 aliud

90 1166 454 1237 opportunius
493 1171 548 1218 et
584 1164 936 1218 commodius
975 1172 1191 1235 tempus
1228 1185 1325 1237 per
1352 1170 1499 1223 hanc
1524 1171 1773 1224 Sanctam
1800 1172 1994 1225 Sedem

89 1253 498 1316 declarandum,
544 1248 851 1317 Apostolica
887 1254 1230 1321 auctoritate,
1264 1260 1449 1310 tenore
1485 1258 1853 1324 praesentium
1881 1274 1999 1310 sus·

89 1339 398 1410 pendimus,
444 1344 498 1392 et
535 1350 865 1405 suspensam
894 1352 1012 1390 esse
1039 1340 1389 1406 nunciamus,
1435 1343 1607 1395 Deum
1651 1345 1999 1412 adprecantes

89 1433 371 1480 auctorem
410 1431 465 1477 et
499 1423 779 1477 vindicem
818 1422 1087 1479 Ecclesiae
1125 1441 1290 1491 suae,
1348 1434 1409 1481 ut
1455 1429 1721 1483 submotis
1777 1430 1995 1483 tandem

89 1511 502 1582 impedimentis
540 1510 800 1564 omnibus
840 1509 1082 1579 Sponsae
1129 1528 1260 1566 suae
1314 1513 1673 1569 fidelissimae
1722 1516 1875 1569 ocius
1913 1530 1996 1569 re-

88 1599 284 1652 stituat
317 1596 628 1652 libertatem
665 1611 729 1650 ac
765 1611 972 1663 pacem.

158 1684 432 1747 Quoniam
469 1698 598 1736 vero
635 1697 746 1750 quo
784 1683 1039 1751 pluribus
1090 1692 1144 1738 et
1197 1687 1539 1753 gravioribus
1577 1688 1834 1756 periculis
1884 1704 1997 1743 ma-

86 1770 263 1838 lisque
299 1775 524 1823 vexatur
559 1768 812 1831 Ecclesia,
852 1786 918 1823 eo
958 1773 1132 1838 magis
1169 1772 1492 1826 instandum
1537 1780 1616 1827 est
1666 1774 1992 1828 obsecratio-

89 1857 252 1910 nibus
297 1860 351 1909 et
399 1855 744 1909 orationibus
793 1863 957 1911 nocte
1007 1872 1070 1910 ac
1118 1857 1207 1911 die
1256 1859 1403 1927 apud
1459 1860 1635 1912 Deum
1692 1864 1745 1911 et
1782 1861 1997 1913 Patrem

87 1942 310 1996 Domini
349 1942 528 1997 Nostri
566 1941 688 1996 Iesu
716 1943 935 2010 Christi,
963 1944 1180 1997 Patrem
1208 1944 1716 1998 misericordiarum
1747 1950 1801 1999 et
1825 1947 1996 1999 Deum

87 2236 409 2298 tranquillita
453 2248 541 2296 per
586 2235 803 2286 trattare
848 2236 1197 2297 degnamente
1242 2249 1338 2285 con
1386 2238 1471 2285 noi
1519 2238 1647 2285 delle
1694 2247 1806 2284 cose
1859 2238 1991 2284 della

88 2312 300 2372 0111666;
335 2311 401 2360 ne
431 2311 778 2360 consentendo
809 2312 937 2360 oltre
969 2325 999 2359 a
1032 2311 1110 2360 610
1140 2313 1186 2360 16
1218 2312 1466 2359 necessita
1496 2312 1577 2359 dei
1611 2312 1758 2359 fedeli
1798 2311 1907 2369 che,
1939 2312 1993 2357 in

89 2399 256 2436 mezzo
286 2399 318 2434 6
347 2386 494 2434 tante
524 2399 552 2434 6
585 2387 850 2435 notissime
882 2386 1122 2434 calamita
1153 2401 1179 2434 e
1199 2387 1325 2433 moti
1347 2387 1622 2445 d'Europa,
1646 2386 1781 2433 tanti
1802 2386 1995 2433 Pastori

87 2462 227 2510 sieno
256 2461 456 2510 lontani
485 2461 618 2509 dalle
647 2462 754 2509 loro
787 2461 994 2509 Chiese:
1044 2462 1136 2509 Noi
1184 2461 1397 2519 quincii,
1442 2461 1671 2509 vedendo
1712 2472 1805 2508 con
1858 2473 1993 2519 gran

88 2537 258 2584 dolore
290 2536 582 2584 dell'animo
612 2535 794 2583 Nostro
826 2536 1015 2595 giunte
1048 2537 1095 2582 16
1127 2547 1239 2583 6066
1270 2547 1301 2581 a
1332 2535 1431 2582 tale
1471 2535 1534 2581 da
1582 2547 1684 2582 non
1736 2535 1908 2592 potere
1939 2535 1994 2581 in

91 2622 257 2659 verun
287 2609 436 2658 modo
468 2611 504 2657 11
534 2610 786 2658 Vaticano
817 2610 1043 2658 Concilio
1076 2610 1378 2657 continuare
1425 2608 1479 2654 in
1526 2608 1717 2655 siffatto
1760 2609 1929 2666 tempo
1960 2609 1994 2654 il

90 2697 181 2733 suo
212 2696 380 2744 corso,
413 2684 543 2744 dopo
573 2686 779 2732 matura
810 2684 1194 2744 deliberazione‚
1230 2684 1281 2731 di
1312 2684 1448 2731 moto
1480 2684 1699 2742 proprio,
1735 2683 1995 2730 coll'auto-

0 2764 4 2770 “
88 2759 184 2808 rita
220 2759 513 2820 apostolica,
548 2760 623 2807 601
655 2759 834 2808 tenore
866 2759 995 2807 delle
1027 2758 1254 2818 presenti
1287 2757 1639 2816 sospendiamo
1685 2757 1746 2804 ed
1793 2769 1996 2804 annun·

88 2835 250 2883 ziamo
280 2846 445 2884 essere
477 2846 681 2894 sospesa
710 2835 760 2882 la
790 2834 1138 2882 celebrazione
1170 2833 1299 2881 dello
1330 2833 1490 2880 stesso
1540 2833 1834 2880 ecumenico
1865 2833 1993 2880 0011-

89 2909 204 2957 cilio
232 2908 481 2957 Vaticano
512 2909 618 2957 11110
649 2909 715 2956 6(1
745 2909 877 2957 altro
926 2908 1096 2967 tempo
1142 2906 1234 2967 piu
1282 2907 1570 2965 opportuno
1602 2919 1630 2953 e
1661 2904 1751 2965 piu
1783 2906 1992 2953 comodo

88 2984 156 3045 da
184 2982 483 3031 dichiararsi
513 2983 579 3030 da
608 2983 789 3042 questa
820 2983 982 3031 Santa
1029 2981 1173 3041 Sede,
1225 2980 1488 3040 pregando
1535 2979 1676 3027 Iddio
1698 3014 1710 3038 ‚
1757 2978 1936 3027 autore
1966 2992 1994 3027 6

1 3083 5 3085 -
89 3057 295 3107 vindice
326 3058 457 3106 (16116
488 3069 582 3105 sua
611 3057 808 3117 0111666,
833 3057 945 3117 6116,
986 3055 1185 3104 rimossi
1218 3055 1516 3103 finalmente
1548 3052 1675 3100 tutti
1706 3053 1996 3113 gl'impedi-

91 3131 272 3191 menti,
305 3132 343 3178 il
373 3130 465 3192 piu
497 3130 666 3191 presto
696 3131 790 3179 che
820 3131 897 3179 sia
927 3130 1165 3191 possibile
1197 3128 1486 3177 restituisca
1516 3128 1616 3175 alla
1662 3138 1757 3174 sua
1805 3126 1995 3174 fedelis-

89 3205 218 3253 sima
248 3205 408 3265 Sposa
442 3206 493 3252 la
522 3204 705 3254 liberta
736 3217 764 3253 6
794 3206 845 3253 16
875 3217 1015 3265 pace.

149 3280 190 3325 Ε
218 3277 398 3338 poiche
429 3279 626 3340 quanto
657 3280 920 3340 1116331011
953 3293 980 3327 6
1011 3278 1101 3339 piu
1148 3278 1300 3338 gravi
1349 3276 1553 3337 periceli
1585 3290 1612 3323 6
1660 3274 1779 3322 mali
1828 3274 1994 3321 trava-

91 3352 270 3413 3116110
300 3354 351 3401 16
382 3353 582 3413 0111666,
614 3353 763 3402 tanto
810 3352 902 3413 piu
946 3354 1168 3412 bisogna
1211 3352 1404 3400 instare
1435 3364 1528 3399 con
1577 3347 1935 3408 supplicazioni
1966 3360 1994 3394 e

89 3426 363 3486 preghiere
392 3427 538 3476 notte
571 3439 599 3476 e
629 3428 817 3489 giorno
849 3438 1022 3487 presso
1052 3427 1146 3475 Dio
1178 3439 1206 3475 6
1244 3426 1403 3474 Padre
1450 3425 1527 3472 (161
1579 3422 1756 3471 Nostro
1801 3420 1990 3480 Signor

88 3498 225 3549 Gesu
254 3500 437 3564 cristo,
468 3502 630 3552 Padre
660 3502 788 3553 delle
819 3501 1166 3551 misericordie
1200 3513 1227 3549 6
1257 3500 1349 3548 Dio
1383 3499 1434 3547 (11
1467 3498 1591 3558 03111
1625 3493 1983 3549 consolazlone.
