2488 4290
340 295 428 345 284

341 387 490 454 cilio,
535 386 711 441 editae
749 400 811 442 ac
849 388 1231 456 promulgatae
1271 389 1534 454 fuerunt,
1565 371 1795 456 'aliaque
1857 395 1975 442 tum
2024 403 2248 445 causam

286 523 288 525 .
343 471 471 525 fidei
513 480 631 526 tum
670 475 1061 528 ecclesiasticae
1101 474 1426 543 disciplinae
1477 476 1775 542 spectantia
1828 475 1895 528 ad
1948 490 2177 546 examen
2217 493 2251 531 a

344 560 595 612 Patribus
631 567 896 627 revocata,
941 576 1079 628 quae
1119 575 1376 629 suprema
1414 560 1656 613 docentis
1705 559 1969 614 Ecclesiae
2019 563 2285 628 auctori-⁸

347 651 454 697 tate
491 646 642 698 brevi
667 648 872 700 sanciri
901 663 962 698 ac
987 645 1323 714 promulgari
1350 654 1587 715 possent.
1620 647 2042 702 confidebamus
2066 649 2252 701 istius-

344 732 496 784 modi
546 732 787 798 laboreS,
834 733 1119 786 communi
1170 733 1528 786 fraternitatis
1579 735 1762 786 studio
1815 751 1878 788 ac
1932 735 2080 799 zelo,
2125 753 2253 790 suos

347 831 660 885 progressus
699 819 921 885 habere,
965 825 1020 871 et
1058 819 1125 870 ad
1165 824 1413 885 optatum
1457 821 1667 872 exitum
1706 819 1854 873 facili
1883 837 2254 890 prosperoque

348 919 511 955 cursu
549 906 773 971 perduci
826 920 1020 972 posse;
1076 904 1171 956 sed
1222 904 1493 971 sacrilega
1541 912 1763 973 repente
1818 907 2030 960 invasio
2079 907 2255 960 huius

346 989 524 1042 almae
566 990 732 1055 Urbis
778 991 928 1043 Sedis
966 991 1207 1054 Nostrae,
1241 997 1293 1042 et
1321 986 1663 1057 reliquarum
1691 991 2003 1060 temporalis
2028 993 2253 1046 Nostrae

346 1077 573 1130 ditionis
612 1076 943 1143 regionum,
993 1090 1103 1143 qua
1160 1082 1352 1129 contra
1409 1091 1575 1129 omne
1631 1076 1710 1129 fas
1755 1076 1931 1129 civilis
1987 1078 2168 1131 Nostri
2204 1084 2275 1147 etl

347 1162 677 1229 apostolicae
715 1162 870 1214 Sedis
910 1162 1263 1228 Principatus
1301 1161 1629 1214 inconcussa
1657 1163 1780 1214 iura
1803 1161 2114 1216 incredibili
2139 1178 2259 1230 per-

348 1246 479 1300 fidia
517 1256 571 1300 et
609 1248 841 1300 audacia
877 1245 1079 1299 violata
1116 1253 1265 1314 sunt,
1306 1247 1367 1298 in
1395 1262 1514 1300 eam
1541 1248 1645 1301 Nos
1669 1263 1855 1301 rerum
1882 1249 2256 1302 conditionem

348 1334 615 1398 coniecit,
663 1339 723 1385 ut
760 1333 863 1385 sub
903 1332 1094 1386 hostili
1134 1333 1515 1386 dominatione
1573 1339 1625 1386 et
1679 1339 1979 1402 potestate,
2024 1335 2131 1388 Deo
2179 1335 2260 1388 sic

345 1421 693 1487 permittente
721 1419 789 1472 ob
816 1418 1318 1487 imperscrutabilia
1341 1419 1551 1472 iudicia
1574 1436 1690 1486 sua,
1723 1420 1941 1488 penitus
1969 1422 2259 1474 constituti

344 1521 532 1559 slmus

417 1594 478 1644 In
515 1593 620 1645 hac
657 1592 909 1647 luctuosa
947 1608 1135 1646 rerum
1176 1593 1515 1660 conditione,
1563 1608 1691 1645 cum
1743 1593 1848 1647 Nos
1886 1609 1919 1646 a
1956 1593 2130 1667 libero
2171 1607 2258 1647 ex-

343 1679 641 1747 peditoque
682 1696 784 1731 usu
821 1693 1115 1748 supremae
1157 1679 1500 1732 auctoritatis
1539 1679 1701 1734 Nobis
1742 1679 2005 1732 divinitus
2032 1678 2259 1734 collatae

346 1765 541 1819 multis
579 1765 761 1818 modis
799 1765 1205 1833 impediamur;
1251 1780 1490 1832 cumque
1529 1765 1696 1834 probe
1734 1764 2108 1831 intelligamus
2158 1767 2261 1817 mi-

345 1852 498 1904 nime
535 1851 666 1920 ipsis
702 1850 950 1903 Vaticani
993 1851 1222 1903 Concilii
1260 1851 1509 1904 Patribus
1546 1851 1606 1902 in
1635 1850 1739 1904 hac
1765 1850 1911 1904 alma
1941 1851 2080 1904 Urbe
2106 1866 2260 1920 prae-

346 1937 491 1989 dicto
529 1951 716 1990 rerum
752 1943 900 1990 statu
939 1943 1219 2005 manente,
1261 1938 1629 1991 necessariam
1675 1935 1998 2004 libertatem,
2044 1938 2266 1992 securi-

344 2155 566 2214 portune
596 2153 929 2201 Costituzioni
961 2153 1171 2202 intorno
1203 2156 1304 2202 alla
1334 2156 1479 2204 fede:
1513 2156 1575 2204 ed
1607 2155 1733 2204 altre
1765 2166 1878 2204 cose
1927 2153 2261 2214 rigum-danti

346 2230 421 2276 sia
451 2230 501 2275 la
533 2229 643 2276 fede
663 2263 676 2287 ,
721 2228 798 2275 sia
845 2229 896 2276 la
927 2228 1198 2288 disciplina
1230 2231 1572 2278 ecclesiastIca
1603 2242 1831 2279 venneto
1863 2227 2145 2277 esaminate
2175 2228 2259 2275 dai

344 2304 495 2351 Padri
516 2340 528 2363 ‚
570 2305 616 2351 le
662 2305 802 2363 quali
834 2303 888 2348 in
927 2302 1082 2352 breve
1127 2305 1383 2363 potevano
1431 2317 1595 2353 essere
1641 2305 1839 2352 sancite
1869 2317 1898 2352 e
1927 2302 2260 2362 promulgate

346 2378 480 2424 dalla
511 2390 750 2436 suprema
783 2378 1007 2426 autorite
1041 2379 1173 2426 della
1205 2379 1387 2426 Ohiesa
1418 2380 1646 2427 docente.
1682 2380 1775 2427 Νο1
1822 2390 2123 2438 speravamo
2169 2377 2261 2425 che

348 2453 526 2512 queste
557 2453 745 2501 fatiche
776 2466 865 2511 per
898 2454 933 2499 11
980 2466 1196 2501 comune
1228 2454 1399 2502 studio
1430 2468 1457 2502 e
1490 2457 1593 2503 zelo
1625 2454 1705 2502 dei
1742 2453 1912 2502 Nostri
1958 2451 2143 2500 fratelli
2178 2464 2263 2511 po-

348 2528 537 2574 tessero
568 2528 869 2586 progredire
902 2527 963 2575 ed
995 2540 1159 2575 essere
1192 2529 1433 2577 condotte
1466 2541 1560 2576 con
1594 2529 1741 2576 facile
1773 2541 1800 2576 e
1832 2539 2071 2587 prospero
2119 2537 2260 2573 corso

349 2601 393 2647 al
425 2602 528 2649 fine
559 2602 862 2650 desiderato.
1526 2655 1529 2658 ,

408 2678 490 2724 Ma
536 2677 903 2736 d'improvviso
949 2678 998 2724 la
1047 2678 1302 2737 sacrilega
1346 2678 1615 2727 invasione
1664 2679 1716 2724 di
1754 2677 2059 2736 quest’alma
2091 2675 2259 2735 Oitte,

351 2752 482 2799 della
513 2752 694 2799 Nostra
725 2751 851 2799 Sede
895 2765 922 2800 e
967 2753 1095 2800 delle
1144 2753 1274 2800 altre
1319 2754 1583 2812 provincie
1631 2753 1712 2800 del
1759 2751 1942 2800 Nostro
1982 2751 2258 2809 temporale

352 2825 594 2885 dominio,
626 2838 716 2885 per
748 2827 799 2873 la
831 2827 983 2887 quale
1014 2834 1189 2874 contro
1222 2829 1349 2887 ogni
1380 2829 1540 2888 leg-ge
1572 2840 1668 2875 con
1700 2826 1916 2885 perfidia
1947 2826 2009 2873 ed
2046 2824 2262 2872 audacia

351 2901 651 2947 incredibile
683 2901 869 2947 furono
899 2901 1079 2948 violati
1110 2902 1126 2947 i
1160 2902 1325 2949 diritti
1355 2902 1649 2950 inconcussi
1679 2901 1760 2948 del
1793 2901 1942 2948 civile
1971 2899 2264 2957 Principato

352 2974 532 3021 Nostro
563 2986 591 3022 e
623 2974 1019 3033 dell'apostolica
1050 2976 1195 3035 Sede,
1229 2975 1286 3022 Oi
1318 2976 1385 3022 ha
1416 2976 1605 3024 ridotto
1635 2976 1691 3021 in
1732 2975 1835 3022 tale
1882 2973 2179 3021 condizione
2210 2971 2264 3018 di

354 3060 484 3107 cose,
509 3048 619 3108 che,
644 3048 747 3096 cosi
778 3049 1132 3107 permettendo
1164 3050 1306 3097 Iddio
1337 3063 1427 3109 per
1460 3048 1968 3110 gl’imperscrutabili
1999 3047 2110 3094 suoi
2141 3047 2263 3106 giu·-

353 3123 471 3182 dizi‚
494 3123 551 3169 Oi
583 3123 832 3172 treviamo
864 3124 1191 3182 pienamente
1221 3124 1354 3172 sotto
1388 3124 1741 3171 dominazione
1763 3136 1790 3171 e
1814 3121 2024 3182 podesta
2043 3120 2260 3169 nemica.

412 3198 473 3244 In
506 3197 687 3257 questa
716 3197 945 3244 luttuosa
977 3193 1273 3246 condizione
1306 3199 1357 3245 di
1390 3210 1535 3258 cose,
1580 3198 1794 3246 essendo
1825 3210 1856 3244 a
1887 3196 1980 3244 Νο1
2018 3196 2075 3241 in
2116 3194 2262 3242 molti

353 3272 491 3319 modi
522 3271 768 3331 impedito
814 3272 850 3318 il
901 3272 1056 3319 libero
1090 3285 1117 3319 e
1149 3274 1348 3332 spedito
1379 3272 1616 3321 esercizio
1649 3269 1990 3319 dell’autoritit
2025 3279 2264 3328 suprema

354 3347 418 3392 da
447 3347 540 3393 Dio
572 3360 603 3394 a
633 3347 726 3394 Noi
757 3346 1035 3394 conserite:
1069 3360 1097 3394 e
1130 3347 1230 3394 ben
1264 3347 1580 3395 conoscendo
1611 3346 1704 3398 che
1735 3345 1812 3405 gli
1843 3344 1990 3393 stessi
2010 3343 2162 3389 Padri
2182 3341 2263 3388 del

326 3421 578 3468 Concilio
608 3421 858 3468 Vaticano
887 3421 942 3467 in
975 3422 1281 3479 quest’alms
1313 3421 1466 3481 aitte,
1500 3421 1736 3468 durando
1782 3421 1819 3465 11
1863 3408 2095 3478 bredetto
2129 3415 2263 3463 stato

352 3494 403 3544 di
434 3507 563 3556 cose,
596 3508 700 3543 non
731 3496 1032 3556 potrebbero
1063 3507 1214 3544 avere
1255 3497 1305 3542 la
1354 3495 1640 3545 necessaria
1683 3492 1867 3543 liberte
1884 3527 1899 3555 ,
1947 3492 2202 3540 sicurezza
2231 3500 2260 3536 e
