2488 4290
1992 321 2074 369 131

175 433 292 470 cam
331 418 767 472 iurisdictionem
807 421 882 474 ita
920 423 1307 487 detrectarunt,
1366 427 1427 473 ut
1478 422 1729 476 eiusdem
1781 427 2076 479 sententias

173 518 236 556 ac
272 506 528 557 mandata
564 506 649 558 vel
687 521 799 559 non
839 508 1097 576 recipere,
1144 491 1229 561 vel
1269 524 1382 560 non
1420 523 1630 561 servare
1676 510 1796 562 ausi
1848 511 2066 565 fuerint.

170 594 343 656 Atque
383 606 446 642 eo
485 594 842 659 devenerunt,
887 600 946 645 ut
984 596 1147 647 etiam
1187 593 1494 660 legitimam
1521 597 1812 648 memorati
1852 597 2076 650 Patriar-

172 678 304 730 chae
342 677 684 742 electionem,
732 679 863 732 licet
919 681 1171 732 unanimi
1234 682 1625 749 Episcoporum
1685 684 1946 747 suffragio
1986 701 2074 751 pe-

115 796 124 807 ·
170 770 395 829 metam,
438 765 739 831 Nostroque
797 766 1007 820 iudicio
1039 762 1117 820 'et
1174 767 1498 820 auctoritate
1556 768 1952 833 confirmatam,
2018 772 2075 821 in

169 850 400 902 dubium
441 866 691 925 revocare
731 868 843 905 non
891 855 1277 918 dubitaverint,
1320 856 1626 908 solemnem
1656 857 1903 916 eiusdem
1931 872 2074 909 com-

169 938 625 990 memorationem
663 939 718 989 in
760 946 1098 994 sacrosancto
1138 942 1322 994 Missae
1362 942 1649 1005 sacrificio,
1696 948 1856 1009 atque
1895 943 1951 995 in
1994 945 2074 995 di-

168 1024 308 1074 vinis
348 1022 538 1076 officiis
576 1024 754 1092 palam
795 1027 1174 1092 intermittere,
1222 1044 1284 1080 ac
1322 1029 1543 1081 demum
1585 1030 1643 1080 in
1672 1030 1883 1097 privata
1908 1031 2073 1083 domo

169 1107 333 1162 altare
373 1117 559 1163 contra
599 1111 910 1178 legitimum
949 1114 1115 1167 altare
1149 1115 1346 1189 ¹Christi
1388 1117 1598 1182 erigere
1639 1116 1871 1169 minime
1909 1117 2074 1170 refor-

169 1198 518 1263 midaverint,
564 1204 616 1249 et
662 1197 952 1252 Ecclesiam
1004 1201 1209 1253 ibidem
1265 1203 1610 1266 constituere,
1670 1218 1835 1270 quam
1889 1204 2074 1271 singu-

164 1285 264 1338 lari
302 1287 598 1338 verborum
638 1288 1069 1340 contradictione
1106 1290 1415 1340 Armeniam
1457 1289 1786 1342 catholicam
1812 1291 2074 1359 indepen-

165 1373 386 1423 dentem
420 1370 795 1439 appellarunt;
828 1374 1056 1440 perinde
1084 1389 1146 1426 ac
1170 1375 1213 1425 si
1242 1373 1295 1424 in
1327 1373 1563 1427 Ecclesia
1590 1376 1859 1429 catholica
1884 1375 2075 1430 liceret

165 1459 440 1512 Fidelibus
479 1460 745 1512 arbitratu
790 1476 888 1512 suo
927 1461 1126 1524 vivere,
1175 1467 1228 1512 et
1265 1475 1378 1512 non
1416 1463 1602 1530 potius
1654 1464 1759 1530 ipsi
1813 1463 2074 1517 deberent

164 1551 309 1601 iuxta
347 1549 378 1598 A
393 1546 587 1615 postoli
626 1537 980 1614 praeceptum
1022 1548 1249 1599 obedire
1282 1550 1607 1616 praepositis
1646 1551 1758 1602 suis
1808 1557 1859 1602 et
1895 1551 2073 1603 subia-

163 1650 279 1687 cere
319 1635 409 1686 eiS.
648 1648 650 1652 ’

246 1741 266 1767 α
306 1721 630 1774 Gravissima
686 1711 929 1787 profecto
968 1726 1116 1786 sunt,
1162 1720 1290 1773 Ven.
1342 1722 1451 1788 Fr„
1494 1722 1817 1775 huiusmodi
1866 1725 2072 1792 impro-

160 1810 338 1862 banda
376 1824 506 1860 sane
544 1808 699 1871 facta,
747 1822 920 1873 eoque
958 1806 1125 1859 Nobis
1166 1809 1468 1875 acerbiora,
1511 1815 1795 1877 propterea
1836 1812 1983 1878 quod
2011 1829 2074 1865 ea

162 1896 228 1948 ab
267 1894 540 1962 Armeniis
579 1893 900 1961 praesertim
941 1893 1414 1961 Constantinopoli
1466 1896 1788 1960 degentibus
1839 1899 2070 1952 minime

163 1982 592 2050 expectabamus,
641 1996 779 2046 quos
819 1979 1128 2046 Apostolica
1165 1980 1326 2033 Sedes
1364 1980 1625 2046 singulari
1665 1998 1795 2035 cura
1820 1990 1881 2037 ac
1918 1984 2070 2038 solli-

164 2068 549 2122 citudine‘fuit
587 2081 803 2133 semper
841 2073 1195 2132 prosequuta.
1240 2066 1423 2131 Neque
1464 2065 1669 2120 doloris
1707 2070 1881 2122 Nostri
1926 2086 2069 2124 acer-

162 2156 389 2209 bitatem
423 2154 554 2205 satis
579 2151 753 2205 lenire
782 2158 1081 2218 potuerunt
1105 2154 1520 2218 protestationes
1552 2156 1884 2216 reverentiae
1909 2163 2068 2225 atque

141 2241 507 2294 'obedientiae
546 2254 672 2304 erga
710 2239 857 2290 hanc
894 2239 1201 2290 Beatissimi
1242 2238 1385 2292 Petri
1442 2239 1765 2293 Cathedram
1804 2258 1937 2309 quas
1975 2246 2069 2298 de-

157 2322 553 2395 prehendimus
582 2328 639 2378 in
669 2324 1191 2393 expostulationibus
1217 2326 1379 2379 Nobis
1406 2326 1665 2380 exhibitis
1691 2343 1723 2380 a
1748 2333 2069 2384 memoratis

157 2415 348 2481 LaiciS‚
393 2414 613 2466 Clericis
651 2427 711 2464 ac
747 2411 1054 2478 Monachis;
1100 2425 1240 2479 quae
1297 2414 1719 2480 protestationes
1774 2415 1916 2468 futili
1975 2416 2071 2472 illa

157 2501 541 2570 appellationis
597 2515 729 2553 voce
789 2499 1104 2552 confirmari
1163 2514 1319 2566 posse
1376 2499 1722 2568 videbantur,
1785 2503 1843 2577 in
1898 2519 2066 2570 quam

158 2586 414 2640 nonnulli
475 2588 839 2655 erumpebant
894 2585 961 2638 ad
1021 2586 1390 2650 effugiendam
1450 2589 1740 2640 memorati
1797 2588 1926 2643 Ven.
1979 2592 2060 2643 Fr.

144 2661 372 2742 ¹Iosephi
415 2674 828 2726 correctionem.
862 2672 1075 2724 Etenim
1104 2677 1289 2724 contra
1316 2673 1702 2726 auctoritatem
1729 2674 1898 2728 huius
1933 2678 2067 2745 Apo-

156 2760 376 2814 stolicae
417 2760 570 2812 Sedis
610 2758 880 2810 divinitus
918 2758 1272 2811 constitutam
1325 2772 1586 2811 erroneae
1638 2760 1918 2829 falsaeque
1967 2764 2068 2815 do-

157 2851 361 2900 ctrinae
399 2853 565 2913 atque
605 2843 917 2898 calumniae
955 2845 1012 2895 in
1042 2843 1250 2910 -vulgus
1290 2845 1521 2897 fuerunt
1560 2845 1964 2914 disseminatae,
2014 2856 2066 2903 et

154 2935 471 2988 Nostrarum
527 2927 691 2984 etiam
748 2930 1203 2984 constitutionum
1232 2931 1323 2982 'vis
1364 2938 1418 2984 et
1457 2935 1757 2987 auctoritas
1815 2935 2066 3003 despecta

156 3035 216 3072 ac
252 3020 557 3072 detrectata.
923 3083 928 3090 Ι

238 3126 260 3154 α
298 3107 405 3158 Etsi
443 3121 569 3159 vero
608 3106 744 3158 haec
782 3107 921 3157 facta
960 3120 1020 3158 ex
1058 3106 1242 3157 animo
1270 3105 1627 3160 vehementer
1653 3106 1920 3174 dolemus,
1951 3124 2061 3163 non

156 3209 444 3261 possumus
482 3192 643 3258 longe
683 3193 949 3245 maiorem
978 3192 1362 3244 Armeniorum
1390 3192 1640 3246 eiusdem
1667 3194 1824 3248 Urbis
1850 3201 2061 3263 partem

158 3281 286 3334 satis
341 3265 770 3342 commendare*¹
807 3293 948 3344 quae
1010 3284 1322 3332 constanter
1367 3280 1425 3332 in
1480 3279 1659 3334 officio
1699 3298 1762 3334 ac
1801 3281 1907 3335 fide
1948 3299 2062 3353 per-

158 3367 374 3430 mansit,
418 3381 663 3432 quaeque
698 3364 950 3430 legitimo
991 3381 1090 3417 suo
1134 3366 1490 3436 Patriarchae,
1550 3368 1878 3436 Nostraeque
1929 3370 2060 3424 huic

159 3453 285 3505 Sedi
322 3452 624 3505 arctissime
663 3458 824 3519 atque
883 3468 943 3504 ex
1001 3452 1189 3507 animo
1249 3453 1501 3509 obstricta
1558 3455 1881 3522 efflagitavit,
1929 3462 1988 3507 ut
2026 3472 2055 3507 a

158 3537 317 3599 tantis
353 3535 513 3598 malis
549 3535 889 3593 liberaretur.
