2488 4290
1039 383 1431 492 vam.

559 607 563 610 ’
632 632 1053 698 LETTERA
1121 636 1209 714 ni
1280 635 1335 698 S.
1409 637 1463 698 S.
1540 638 1688 701 Plo
1758 640 1847 702 ix

282 793 330 855 A
380 789 753 874 monsignor
797 810 1068 854 vescovo
1114 790 1176 854 di
1225 795 1469 856 Verona
1517 796 1686 858 Lmei
1739 795 2069 861 marchese
2127 798 2191 862 di

369 895 663 966 CANossi,
721 890 787 952 in
860 889 1176 956 relazione
1251 891 1720 978 all’Appendice
1795 893 2192 961 dell'Alhum

367 993 535 1056 4869
580 1011 695 1076 per
749 990 806 1055 le
866 992 1238 1056 comunioni
1309 1013 1344 1057 e
1409 992 1537 1056 alle
1610 993 1807 1058 molte
1875 994 2190 1060 oblazioni

364 1092 649 1156 ricevute
697 1090 801 1154 nel
849 1090 1051 1176 luglio
1098 1095 1264 1158 4870
1310 1091 1388 1157 da
1434 1095 1692 1158 Verona.

945 1310 1557 1322 .-.-—.——.—-—---————-———

1029 1479 1170 1539 PIUS
1220 1483 1314 1540 ΡΡ.
1355 1484 1435 1540 ΙΧ.

346 1629 676 1688 Venerabilis
715 1626 931 1699 Frater,
971 1630 1202 1686 salutem
1241 1638 1287 1686 et
1328 1631 1677 1706 apostolicam
1717 1632 2143 1690 benedictionem.

355 1781 630 1835 Libellum
670 1795 848 1849 nuper
885 1781 1216 1849 excepimus»,
1262 1781 1320 1832 in
1371 1797 1482 1848 quo
1541 1782 1814 1850 descripta
1877 1784 2039 1836 Nobis
2101 1799 2194 1852 pa-

287 1874 513 1922 tuerunt
537 1865 816 1920 sodalium
842 1868 1087 1932 nomina,
1119 1867 1218 1933 qui
1245 1882 1363 1920 sese
1388 1868 1457 1920 ad
1482 1869 1630 1935 piam
1657 1870 1972 1922 societatem
2000 1884 2194 1922 eorum

287 1954 673 2019 adiunxerunt,
717 1954 813 2021 qui
853 1954 1043 2007 divina
1076 1952 1269 2006 Hostia
1308 1955 1581 2007 sumenda
1620 1953 1908 2007 caelestem
1945 1955 2115 2008 Nobis
2141 1962 2195 2008 et

286 2040 631 2094 OEcumenici
669 2037 901 2092 Concilii
938 2039 1187 2092 Patribus
1227 2055 1391 2107 opem
1430 2040 1655 2092 student
1692 2040 2006 2107 implorare.
2039 2039 2101 2091 In
2128 2055 2192 2094 eo

287 2128 490 2194 pariter
525 2126 768 2178 vidimus
805 2140 939 2179 cura
975 2126 1199 2193 piarum
1237 2125 1541 2185 mulierum
1592 2126 1915 2179 Societatem
1956 2127 2195 2186 ,institu-

286 2221 415 2276 tam,
458 2228 598 2280 quae
637 2228 700 2264 eo
737 2217 955 2278 spectat,
990 2216 1068 2277 ut,
1103 2211 1253 2264 statis
1294 2212 1718 2279 precationibuS,
1763 2217 1964 2278 quae'a
1999 2213 2192 2265 Beatae

280 2295 476 2352 Mariae
512 2297 750 2365 Virginis
790 2312 991 2351 corona
1042 2304 1459 2367 nuncupantur,
1506 2298 1761 2351 Eiusdem
1817 2299 1980 2352 Nobis
2042 2314 2195 2366 prae·

279 2385 421 2437 sidia
459 2383 727 2449 conciliet,
774 2385 929 2437 cuius
967 2385 1241 2439 societatis
1281 2385 1371 2453 pia
1425 2384 1608 2437 studia
1667 2390 1721 2436 et
1783 2383 2039 2438 fidelium
2097 2384 2195 2437 Ve-

961 2653 965 2658 -
1068 2612 1171 2670 PIO
1209 2613 1304 2670 ΡΡ.
1350 2613 1417 2670 IX

460 2750 749 2806 Venerabile
786 2747 1047 2812 Fratello,
1088 2749 1260 2803 salute
1299 2750 1360 2802 ed
1398 2747 1678 2819 apostoliea
1714 2748 2034 2804 benedizione.

347 2881 458 2932 Non
491 2883 518 2930 e
548 2883 704 2930 molto
736 2882 971 2929 abbiamo
1002 2880 1235 2929 ricevuto
1283 2880 1319 2925 il
1363 2875 1671 2940 Memoriale,
1710 2879 1765 2926 in
1806 2881 1892 2927 cui
1932 2880 2196 2928 vedemmo

288 2957 552 3018 reg-istrati
582 2957 600 3003 i
631 2957 772 3003 nomi
805 2956 857 3003 di
888 2957 1006 3015 que’
1032 2955 1124 3003 che
1173 2956 1215 3002 si
1260 2955 1581 3015 aggiunsero
1621 2955 1721 3001 alla
1765 2954 1948 3002 devota
1989 2953 2198 3013 compa-

290 3033 435 3093 gnia‚
469 3031 562 3079 che
593 3032 636 3077 si
680 3030 917 3090 adopera,
967 3030 1226 3078 mediante
1272 3030 1322 3076 la
1380 3028 1730 3076 Sacramental
1773 3028 2105 3088 comunione,
2146 3027 2198 3075 di

291 3108 519 3155 ottenere
556 3106 593 3152 il
624 3105 800 3153 divino
831 3105 974 3153 aiuto
992 3117 1022 3152 a
1039 3104 1150 3164 Noi,
1172 3104 1235 3151 ed
1256 3104 1303 3150 ai
1324 3103 1475 3150 Padri
1492 3102 1922 3151 dell'Ecumenico
1954 3102 2193 3150 Concilio.

292 3182 354 3228 I'n
369 3193 477 3229 esso
494 3180 731 3228 abbiamo
750 3179 1043 3238 parimente
1059 3178 1250 3226 veduto
1265 3177 1499 3225 l’unione
1515 3170 1738 3224 ist'ituita
1753 3189 1842 3235 per
1860 3189 2011 3235 opera
2038 3177 2089 3223 di
2116 3177 2197 3235 pie

292 3257 457 3303 donne
474 3255 567 3303 che
582 3255 650 3302 ha
666 3266 755 3313 per
772 3255 894 3313 fine,
915 3255 1042 3301 colla
1073 3253 1231 3301 recita
1262 3253 1393 3300 della
1425 3264 1610 3299 corona
1641 3252 1692 3297 di
1712 3252 1873 3298 Maria
1895 3251 2124 3310 Ver-gine
2143 3252 2196 3296 in

292 3331 466 3390 giorni
483 3329 695 3390 prefissi‚
718 3328 1065 3387 d’impetrarci
1085 3328 1120 3372 il
1138 3327 1422 3386 patrocinio
1439 3327 1571 3373 della
1586 3326 1879 3385 medesima‚
1896 3326 1913 3371 i
1931 3326 2002 3383 pii
2035 3325 2198 3372 affetti

293 3405 423 3454 della
441 3406 565 3467 qual
582 3404 904 3464 compagnia
935 3403 997 3450 ed
1029 3401 1066 3449 il
1100 3415 1316 3450 numero
1349 3402 1427 3450 de?
1443 3401 1589 3449 fedeli
1615 3398 1973 3456 veronesi,che
2003 3400 2056 3446 in
2089 3411 2199 3446 essa
