2488 4290
377 309 437 369 '58

383 436 436 481 et
471 446 503 481 a
539 436 761 496 paterna
798 425 972 494 gloria
1009 443 1119 479 non
1158 429 1430 492 recedenS,
1472 424 1790 476 mortalibus
1819 440 1881 475 ex
1914 422 2267 479 Immaculata

377 518 831 582 Sanctissimaque
884 515 1103 579 Virgine
1151 515 1316 565 Maria
1369 514 1599 565 indutus
1655 513 1896 578 exuviis,
1938 514 2262 582 doctrinam,

378 619 437 655 ac
474 603 692 654 vivendi
729 601 1074 666 disciplinam
1134 617 1161 651 e
1217 599 1365 652 03010
1405 597 1640 676 delatam
1676 598 2270 678 111331108131111,03111-

378 689 609 754 demque
670 695 746 738 tot
802 687 1133 738 admirandis
1173 687 1432 750 operibus
1472 690 1723 735 testatam
1773 683 1932 746 fecit,
1998 700 2060 736 ac
2098 700 2266 736 seme-

379 775 585 840 tipsum
624 774 848 824 tradidit
904 788 1001 839 pro
1066 773 1260 836 nobiS,
1327 770 1661 822 oblationem
1700 775 1753 819 et
1788 769 2024 821 hostiam
2061 771 2168 822 Deo
2204 772 2264 823 in

377 859 599 910 odorem
637 859 929 910 suavitatis.
991 858 1292 923 Antequam
1331 871 1491 921 ver0,
1553 857 1760 907 devicta
1795 856 2030 922 morte,'
2072 858 2263 914 trium·

375 945 550 1010 phans
586 946 643 994 in
684 944 894 995 caelum
934 958 1285 994 consessurus
1341 943 1407 992 ad
1464 942 1738 993 dexteram
1794 943 1962 994 Patris
2013 959 2268 995 conscen-

377 1030 540 1091 deret,
586 1031 739 1079 misit
776 1027 1059 1093 Apostolos
1099 1029 1156 1076 in
1198 1027 1470 1077 mundum
1508 1028 1849 1090 universum,
1896 1035 1958 1079 ut
1994 1027 2268 1094 praedica-

375 1122 496 1165 rent
535 1113 875 1178 evangelium
901 1104 910 1111 ’
936 1116 1087 1163 0111111
1138 1122 1413 1165 creaturae
1436 1153 1453 1179 ,
1522 1115 1708 1178 eisque
1758 1119 2079 1178 potestatem
2118 1114 2268 1166 dedit

376 1200 600 1263 regendi
637 1199 927 1250 Ecclesiam
966 1215 1063 1250 suo
1103 1201 1368 1265 sanguine
1410 1201 1756 1265 acquisitam,
1800 1206 1853 1250 et
1891 1200 2260 1264 constitutam,

291 1308 296 1313 ’
373 1300 513 1349 quae
570 1291 647 1336 est
704 1287 932 1336 columna
985 1296 1028 1337 et
1084 1287 1456 1348 firmamentum
1491 1289 1745 1348 veritatiS,
1817 1301 1878 1337 ac
1939 1286 2266 1338 caelestibus

375 1370 543 1420 ditata
571 1370 843 1422 thesauris
872 1377 1053 1422 tutum
1082 1371 1271 1423 salutis
1309 1372 1427 1434 iter,
1474 1387 1534 1422 ac
1570 1387 1730 1423 verae
1770 1372 2045 1423 doctrinae
2081 1371 2263 1423 lucem

373 1457 628 1508 omnibus
666 1452 885 1522 populis
924 1459 1196 1523 ostendit,
1267 1465 1319 1508 et
1374 1460 1546 1508 instar
1581 1462 1727 1510 ‘navis
1780 1462 1838 1509 in
1887 1461 2048 1510 altum
2082 1460 2266 1510 saec-uli

377 1543 530 1592 huius
565 1545 638 1593 ita
673 1552 831 1604 natat,
875 1553 950 1607 ut,
989 1553 1223 1609 pereunte
1258 1546 1459 1606 mundO,
1506 1559 1670 1596 omnes
1706 1560 1826 1609 quos
1851 1546 2077 1613 suscipit,
2115 1552 2267 1596 servet

371 1628 559 1678 illaesos
596 1626 680 1696 (1).
727 1628 792 1678 Ut
817 1636 996 1680 autem
1025 1630 1276 1680 eiusdem
1301 1628 1565 1682 Ecclesiae
1592 1631 1835 1694 regimen
1863 1635 2003 1681 recte
2030 1644 2259 1695 semper,

373 1719 534 1776 atque
573 1727 632 1762 ex
669 1713 862 1763 ordine
899 1715 1249 1779 procederet,
1310 1721 1362 1765 et
1418 1716 1596 1766 omnis
1656 1715 1984 1767 christianus
2020 1711 2260 1780 populus

373 1795 432 1844 in
470 1812 582 1847 una
621 1811 838 1862 semper
876 1796 1003 1863 fide,
1045 1799 1310 1864 doctrina,
1354 1800 1595 1863 caritate,
1639 1806 1692 1850 et
1729 1801 2118 1850 communione
2142 1812 2266 1864 1101-

374 1882 615 1945 sisteret,
688 1890 804 1934 tum
873 1886 1227 1951 semetipsum
1292 1892 1554 1951 perpetuo
1611 1884 1910 1936 affuturum
1966 1899 2145 1950 usque
2196 1885 2264 1936 ad

372 2171 495 2219 leste
525 2184 551 2218 e
582 2183 686 2216 non
717 2170 994 2218 recedendo
1025 2171 1156 2217 dalla
1186 2171 1351 2229 gloria
1380 2171 1610 2230 paterna,
1643 2170 1825 2218 vestito
1856 2169 1908 2216 di
1939 2169 2138 2216 mortali
2155 2182 2266 2228 spo·

377 2246 498 2304 gne,
531 2245 622 2292 che
652 2258 796 2304 prese
828 2246 959 2290 dalla
991 2246 1315 2294 Immacolata
1345 2257 1371 2290 e
1404 2245 1702 2291 Santissima
1724 2245 1947 2302 Vergine
1967 2244 2142 2304 Maria,
2163 2256 2267 2290 ma-

377 2318 558 2365 nifesto
588 2320 637 2364 la
684 2319 906 2365 (101111113
938 2333 972 2366 e>
1011 2319 1276 2377 disciplina
1307 2320 1434 2365 della
1465 2319 1587 2378 vita,
1620 2318 1712 2365 che
1757 2331 1918 2366 3110113
1957 2318 2156 2376 11011310
2186 2319 2268 2364 dal

375 2393 498 2439 cielo
528 2406 554 2439 e
585 2394 634 2439 13
665 2393 919 2440 confermo
963 2406 1059 2440 con
1089 2394 1232 2440 tante
1265 2406 1428 2451 opere.
1445 2393 1680 2451 mirabili,
1729 2393 1791 2439 ed
1822 2393 1996 2439 offerse
2027 2404 2079 2438 se
2110 2392 2267 2438 stesso

376 2478 465 2524 per
496 2468 582 2514 noi
614 2468 869 2515 oblazione
900 2469 962 2514 ed
993 2468 1121 2513 ostia
1151 2480 1182 2512 a
1210 2468 1303 2513 Dio
1332 2469 1387 2512 in
1419 2468 1567 2514 odore
1597 2467 1647 2512 di
1669 2466 1879 2513 soavita.
1897 2467 1978 2511 Ma
2000 2466 2127 2524 dopo
2148 2477 2267 2512 aver

380 2539 521 2586 vinto
549 2542 600 2586 13
630 2541 807 2600 morte,
839 2542 1003 2599 prima
1035 2542 1084 2587 di
1131 2540 1398 2588 ascendere
1429 2542 1477 2586 al
1507 2540 1630 2587 01010
1674 2553 1763 2598 per
1792 2541 1962 2587 sedere
1992 2539 2268 2585 trionfante

384 2612 481 2658 alla
513 2615 680 2660 destra
710 2615 788 2661 del
819 2615 993 2673 Padi-e,
1026 2614 1211 2660 mando
1243 2615 1317 2672 gli
1349 2614 1572 2672 Apostoli
1601 2614 1655 2659 in
1676 2614 1811 2660 tutto
1829 2613 1865 2658 il
1885 2613 2070 2659 mondo
2100 2624 2130 2658 a
2159 2625 2269 2670 pre-

377 2687 544 2734 dicare
573 2689 609 2733 il
653 2689 886 2745 Vangelo
917 2689 981 2734 ad
1026 2689 1153 2745 ogni
1193 2689 1443 2747 creatura,
1485 2700 1511 2733 e
1539 2689 1644 2734 loro
1692 2686 1881 2734 conferi
1926 2685 2184 2733 l'autorita
2217 2685 2268 2730 di

382 2775 602 2820 reggere
632 2764 680 2807 la
711 2762 888 2809 Chiesa
919 2763 1202 2822 aequistata
1233 2764 1308 2809 col
1340 2775 1430 2808 suo
1462 2762 1671 2820 Sangue
1703 2775 1730 2809 e
1760 2762 1998 2820 stabilita,
2040 2762 2090 2807 la
2120 2760 2268 2820 quale

383 2837 410 2883 0
443 2837 643 2883 colomna
672 2848 695 2882 e
714 2837 1028 2895 firmamento
1059 2837 1193 2883 della
1220 2836 1398 2896 verita,
1431 2837 1491 2884 ed
1522 2837 1790 2883 arricchita
1820 2837 1871 2882 di
1899 2836 2050 2882 tesori
2080 2834 2265 2893 celesti,

382 2911 573 2957 mostra
602 2911 652 2956 la
687 2911 771 2957 via
801 2924 828 2958 0
857 2911 906 2956 13
935 2912 1047 2958 11100
1079 2912 1206 2958 della
1238 2911 1399 2957 verita
1429 2924 1459 2956 a
1488 2911 1609 2957 tutti
1639 2912 1656 2955 i
1687 2911 1869 2970 popoli,
1902 2911 1964 2957 ed
1984 2923 2014 2956 a
2044 2911 2196 2968 guisa
2214 2909 2269 2955 di

376 2995 495 3030 nave
515 2984 737 3031 nell'alto
756 2995 894 3031 mare
914 2984 967 3046 di
997 2985 1160 3046 questo
1189 2984 1338 3032 secolo
1364 2984 1611 3043 qalleqqia
1641 2985 1695 3031 in
1724 2984 1859 3030 modo
1881 2984 1979 3031 tale
2000 2983 2065 3030 da
2082 2994 2269 3030 conser-

378 3069 495 3104 vare
525 3058 778 3113 incolumi,
818 3059 952 3105 nella
983 3059 1156 3106 rovina
1187 3058 1265 3104 del
1305 3059 1500 3114 mondo,
1524 3059 1648 3105 tutti
1675 3060 1829 3120 quelli
1857 3058 1940 3105 elce
1961 3059 2110 3118 porta
2147 3069 2263 3107 seco,

379 3131 609 3178 Affinche
637 3133 720 3190 poi
751 3132 786 3177 11
817 3145 1044 3190 governo
1075 3133 1204 3180 della
1236 3133 1394 3180 stessa
1410 3132 1589 3179 Ohiesa
1609 3133 1823 3191 proceda
1839 3145 2034 3190 sempre
2055 3144 2149 3179 con
2170 3132 2268 3179 ret-

378 3205 598 3252 titudine
639 3206 711 3252 ed
758 3207 948 3265 ordine,
996 3219 1023 3253 0
1051 3206 1186 3253 111110
1217 3207 1253 3251 11
1283 3208 1461 3264 popolo
1507 3208 1745 3253 cristiano
1790 3207 2040 3266 perseveri
2070 3218 2265 3265 sempre

379 3279 513 3324 110113
543 3280 842 3327 comunione
874 3281 1002 3326 della
1032 3280 1158 3339 fede,
1192 3280 1322 3326 della
1352 3281 1574 3328 dottrina
1603 3294 1630 3328 0
1661 3281 1790 3328 della
1831 3280 2018 3340 carita,
2051 3280 2266 3338 promise

378 3352 428 3398 la
458 3364 550 3399 sua
583 3353 859 3400 assistenza
888 3354 992 3401 fino
1025 3355 1124 3401 alla
1154 3356 1541 3403 consumazione
1572 3356 1651 3403 dei
1681 3354 1827 3403 secoli
1852 3368 1866 3413 ;
1911 3355 1974 3402 ed
2003 3356 2156 3403 elesse
2184 3355 2266 3402 tra

442 3561 502 3621 (1)
536 3559 585 3608 S.
618 3559 781 3620 Max„
816 3560 1051 3622 sermon„
1083 3562 1158 3609 89.
