2488 4290
2017 284 2103 334 179

203 426 475 485 diiialibus
515 430 726 478 matura
763 415 1159 474 deliberatione
1199 418 1252 464 et
1284 404 1532 473 diligenti
1562 401 1827 462 examine,
1872 411 1932 447 ex
1958 401 2103 491 cetta

203 517 427 570 scientia
463 513 671 576 Nostra,
744 514 900 560 motu
957 501 1174 571 proprio
1231 512 1292 549 ac
1342 495 1407 546 de
1446 486 1784 558 Apostolicae
1824 487 2103 550 POteStauS

203 601 545 670 plenitudine
585 594 926 648 declaramus
951 633 963 654 ,
1009 585 1352 640 decernimus
1402 586 1562 644 atque
1602 574 1897 626 statuimus
1934 569 2099 666 quod,

201 689 247 739 si
283 685 546 753 placuerit
582 683 688 733 Deo
728 676 946 732 mortali
997 671 1223 728 'Nostrae
1287 661 1752 736 peregrinationi,
1825 654 2100 725 praedicto

202 770 437 838 generali
471 765 733 820 'Concilio
793 765 1052 817 Vaticano
1117 758 1482 827 perdurante,
1550 749 1719 799 finem
1783 746 2063 811 imponere
2087 784 2099 802 .

203 858 393 912 electio
456 857 583 908 novi
641 852 856 905 Summi
903 847 1214 909 Pontificis,
1282 843 1342 893 iii
1401 839 1837 907 quibuscumque
1874 834 2017 881 statu
2056 835 2111 877 et

203 944 450 997 terminis
489 939 794 1006 Concilium
831 938 1018 1004 ipsum
1057 933 1346 992 subsistat,
1410 923 1635 978 nonnisi
1691 934 1788 987 per
1848 917 1914 1013 S..
1943 915 1998 1011 R.
2045 914 2098 962 E.

202 1026 505 1082 Cardiiiales
543 1025 663 1079 fieri
701 1025 921 1087 debeat,
968 1022 1199 1074 minime
1236 1032 1362 1069 vero
1403 1029 1499 1080 per
1536 1012 1716 1077 ipsum
1757 1001 2061 1056 Concilium
2086 1038 2102 1063 ‚

202 1123 361 1182 atque
400 1115 567 1167 etiam
623 1112 850 1164 omnino
904 1108 1127 1162 exclusis
1164 1106 1229 1157 ab
1268 1103 1459 1155 eadem
1498 1097 1764 1149 electione
1804 1086 2109 1183 peragenda

200 1202 634 1269 quibuscumque
674 1197 796 1250 ali-is
832 1195 1078 1264 personis
1118 1191 1390 1252 cuiusvis,
1458 1185 1589 1237 licet
1649 1181 1815 1248 ipsius
1875 1170 2103 1272 Concilii

200 1287 520 1340 auctoritate
560 1285 698 1336 forte
738 1283 1100 1351 deputandis,
1155 1283 1369 1346 praeter
1408 1269 1720 1324 Cardinales
1771 1262 2096 1332 praedictos,

269 1372 411 1435 Quin
447 1374 561 1423 imo
602 1378 664 1422 ut
711 1371 771 1421 in
812 1368 1086 1420 eiusmodi
1125 1365 1393 1417 electio'ne
1431 1355 1723 1410 memorati
1763 1347 2098 1443 CardiiialeS‚

201 1460 353 1512 omni
389 1473 609 1526 prorsus
646 1456 1044 1524 impedimento
1083 1454 1338 1505 submoto
1368 1491 1380 1511 ,
1426 1454 1479 1498 et
1515 1442 1703 1511 quavis
1739 1436 2105 1531 perturbatio-

201 1561 338 1597 num
375 1551 430 1598 et
465 1543 817 1595 dissidiorum
856 1542 1137 1594 occasione
1177 1536 1403 1598 sublata,
1448 1531 1675 1585 liberius
1715 1532 1768 1578 et
1806 1522 2105 1614 expeditius

199 1631 490 1697 procedere
529 1635 750 1695 queant,
792 1630 858 1681 de
898 1628 1088 1681 eadem
1119 1625 1346 1678 scientia
1374 1627 1427 1674 et
1452 1614 1785 1686 Apostolicae
1826 1612 2105 1676 potestatis

200 1714 583 1782 plenitudine,
638 1714 781 1766 illud
818 1720 1096 1782 praeterea
1134 1710 1481 1763 decernimus
1520 1710 1681 1768 atque
1721 1698 2008 1750 statuimus
2046 1696 2108 1740 ut

201 1802 262 1865 si,
307 1803 582 1869 praedicto
642 1799 898 1853 Vaticano
955 1798 1195 1852 Concilio
1253 1795 1616 1863 perdurante,
1686 1786 1791 1838 Nos
1847 1778 2107 1833 decedere

201 1888 553 1953 contigerit,·
595 1887 744 1939 idem
805 1886 1116 1938 Concilium
1153 1885 1211 1934 in
1251 1883 1687 1948 quibuscumque
1727 1876 1869 1923 statu
1910 1871 1962 1916 et
2001 1870 2109 1914 ter-

200 1974 367 2024 minis
404 1973 626 2035 existat,
694 1972 845 2025 illico
909 1979 963 2023 et
1021 1970 1341 2022 immediate
1404 1975 1731 2032 suspensum
1774 1971 1835 2007 ac
1874 1951 2105 2046 dilatum

201 2057 578 2124 intelligatur,
638 2059 1107 2125 quemadmodum
1170 2071 1267 2123 pei·
1316 2055 1533 2108 Nostras
1589 2050 1688 2100 has
1724 2045 1930 2095 litteras
1967 2033 2109 2086 illud

203 2159 351 2196 nunc
389 2161 484 2211 pro
527 2152 655 2196 tunc
691 2145 1021 2212 suspendere
1061 2149 1223 2208 atque
1260 2143 1319 2191 in
1361 2148 1576 2205 tempus
1612 2134 1757 2184 infra
1795 2124 2102 2181 notandum

205 2230 420 2282 differre
457 2231 818 2296 intendimuS‚
861 2231 995 2282 adeo
1036 2235 1096 2280 ut
1135 2227 1290 2280 nulla
1329 2241 1545 2293 prorsus
1601 2219 1885 2272 interiecta
1931 2224 2100 2271 mora,

206 2331 410 2367 cessare
446 2317 627 2367 statim
666 2317 857 2368 debeat
896 2331 926 2367 a
962 2316 1401 2382 quibuscumque
1453 2308 1823 2366 conveiitibuS‚
1884 2313 2107 2362 congre-

206 2402 515 2467 gationibus
554 2409 607 2454 et
641 2403 991 2465 sessionibuS,
1038 2409 1090 2454 et
1128 2418 1159 2453 a
1202 2399 1489 2466 quibusvis
1546 2399 1775 2450 decretis
1812 2411 1910 2447 seu
1950 2400 2139 2466 cano-v

203 2488 365 2539 nibus
416 2489 792 2554 conficiendis,
853 2504 951 2539 nec
1004 2489 1072 2539 ob
1111 2487 1572 2554 qualemcumque
1613 2499 1850 2546 causam,
1895 2484 2107 2535 etiamsi

204 2573 525 2636 gravissima
562 2580 614 2624 et
649 2573 871 2641 speciali
908 2575 1193 2626 mentione
1222 2571 1399 2638 digna
1423 2572 1687 2636 videatur,
1722 2571 1953 2623 ulterius
1979 2586 2107 2636 pro-

205 2659 372 2723 gredi,
416 2661 591 2711 donec
648 2675 821 2712 novus
878 2661 1124 2711 Pontifex
1161 2677 1191 2711 a
1230 2660 1391 2711 Sacro
1450 2657 1820 2710 Cardinalium
1866 2655 2101 2719 Collegio

205 2746 462 2796 canonice
502 2745 703 2797 electus
741 2763 994 2814 suprema
1031 2763 1131 2798 sua
1171 2747 1490 2798 auctoritate
1517 2744 1740 2798 Concilii
1768 2748 1937 2814 ipsius
1964 2761 2108 2796 reas-

204 2832 579 2898 sumptionem
622 2839 673 2883 et
709 2835 1195 2899 prosequutionem
1235 2834 1447 2885 duxerit
1483 2835 1863 2886 intimandam.

272 2916 647 2984 Opportunum
685 2925 868 2970 autern
908 2927 1207 2985 censenteS,
1250 2927 1314 2972 111,
1347 2935 1485 2986 quae
1526 2922 1809 2973 occasione
1837 2922 2103 2989 praedicti

203 3002 430 3054 Concilii
466 3002 713 3055 Vaticani
752 3004 1020 3059 hactenus
1061 3008 1438 3061 ordinavimus
1478 3017 1594 3062 tum
1649 3011 1829 3078 quoad
1887 3014 2104 3065 Summi

203 3087 485 3140 Pontificis
541 3088 882 3154 electionem,
927 3099 1046 3143 tum
1082 3095 1264 3160 quoad
1320 3096 1567 3148 eiusdem
1617 3099 1844 3150 Concilii
1883 3116 2108 3167 suspen·

203 3174 436 3239 sionem,
466 3182 667 3226 certam
701 3174 1063 3244 stabilemque
1101 3194 1354 3232 noi-niam
1391 3183 1448 3232 in
1490 3181 1656 3234 simili
1696 3201 1882 3236 rerum
1910 3195 2106 3238 eventu

203 3266 467 3326 perpetuo
523 3262 844 3313 servandam
901 3265 1272 3333 suppeditent,
1333 3269 1449 3334 pari
1486 3270 1710 3322 scientia
1749 3278 1802 3321 et
1840 3279 2105 3339 potestate

204 3344 554 3397 decernimus
591 3354 751 3417 atque
790 3350 1100 3415 statuimUS‚
1146 3359 1209 3403 ut
1245 3353 1446 3406 futuris
1493 3357 1933 3423 quibuscumque
1976 3366 2107 3409 tem-

203 3431 448 3498 poribuS,
490 3435 948 3501 quandocumque
987 3439 1280 3502 contigerit
1318 3441 1627 3494 Romanum
1660 3445 1978 3495 Pontificem
2017 3445 2107 3496 de-

203 3515 405 3580 cedere,
452 3519 781 3585 perdurante
820 3520 1184 3578 celebratione
1223 3526 1462 3579 alicuius
1500 3529 1728 3582 Concilii
1764 3532 2106 3584 oecumenici
