2488 4290
298 327 358 372 84

298 430 404 480 que
442 427 738 480 exposcere.
780 414 842 463 Et
876 411 1138 478 quoniam
1174 410 1443 463 vicariam
1479 410 1604 461 Eius
1641 409 1736 461 hic
1773 410 1834 462 in
1862 409 2027 462 terris
2065 410 2200 467 licet

299 498 581 549 immerito
619 497 861 562 gerimus
899 510 1138 562 operam,
1183 496 1382 548 iccirco
1410 495 1714 546 errantium
1742 493 1990 547 filiorum
2019 497 2086 561 ad
2114 511 2197 547 ca-

298 582 532 635 tholicae
558 581 820 633 Ecclesiae
847 581 1215 632 reversionem
1244 582 1491 645 expansis
1518 580 1779 631 manibus
1816 579 2198 632 ardentissime

298 672 665 734 expectamUS‚
719 672 780 717 ut
818 682 908 717 eos
946 667 1003 716 in
1040 663 1289 717 caelestis
1327 666 1504 715 Patris
1545 664 1773 716 domum
1811 666 2200 718 amantissime

302 755 564 819 excipere,
607 758 660 803 et
695 751 1034 803 inhexaustis
1073 752 1195 806 eius
1234 751 1510 803 thesauris
1550 750 1723 803 ditare
1749 751 2043 816 possimus.
2077 755 2200 803 Ete-

299 839 416 889 nim
455 853 516 890 ex
551 839 656 889 hoc
694 838 1034 904 optatissimo
1074 838 1142 889 ad
1178 835 1451 900 veritatis,
1507 838 1561 886 et
1608 837 2020 888 communionis
2071 852 2197 890 cum

299 923 572 974 catholica
607 923 844 976 Ecclesia
880 923 1059 976 reditu
1097 937 1208 972 non
1247 918 1428 972 solum
1467 918 1833 984 singulorum,
1890 923 1982 972 sed
2034 922 2199 974 totius

299 1007 468 1059 etiam
495 1009 822 1059 christianae
842 1007 1116 1059 societatis
1137 1004 1282 1057 salus
1311 1006 1548 1060 maxime
1575 1006 1792 1071 pendet,
1826 1010 1880 1057 et
1903 999 2198 1060 universus

298 1094 542 1145 mundus
579 1108 706 1144 vera
742 1108 872 1158 pace
909 1092 1116 1162 perfrui
1154 1107 1266 1144 non
1305 1095 1501 1161 potest,
1543 1091 1655 1142 nisi
1694 1090 1789 1142 fiat
1825 1107 2005 1144 unum
2032 1092 2189 1157 ovile,

301 1183 354 1229 et
390 1195 533 1229 unus
570 1185 768 1244 pastor.

366 1266 565 1315 Datum
602 1265 802 1316 Romae
840 1264 989 1331 apud
1026 1264 1076 1316 S.
1122 1266 1357 1327 Petrum,
1416 1263 1507 1314 die
1549 1265 1612 1315 13
1665 1264 1987 1331 septembris
2040 1265 2190 1321 1868.

296 1349 651 1402 Pontificatus
688 1348 866 1401 Nostri
905 1365 1050 1404 anno
1089 1349 1533 1402 vicesimotertio,

294 1633 490 1682 benche
519 1646 670 1682 senza
699 1632 896 1693 meritc,
931 1634 1093 1683 officio
1125 1634 1175 1681 di
1207 1646 1298 1682 suo
1329 1635 1556 1694 Vicario‚
1602 1635 1900 1695 aspettiamo
1932 1648 1963 1682 a
1992 1636 2196 1685 braceia

294 1708 469 1767 aperte
499 1720 593 1755 con
625 1720 815 1755 sommo
848 1708 1026 1756 ardore
1056 1709 1091 1754 il
1124 1708 1315 1755 ritorno
1348 1709 1427 1756 dei
1458 1710 1571 1768 figli
1602 1710 1794 1757 erranti
1825 1710 1923 1756 alla
1966 1710 2199 1758 cattolica

295 1782 492 1838 Chiesa‚
526 1794 616 1840 per
646 1781 825 1840 poterli
856 1782 1139 1841 accogliere
1170 1795 1266 1829 con
1297 1794 1490 1829 sommo
1522 1795 1691 1831 amore
1722 1784 1857 1831 nella
1881 1795 1998 1831 casa
2019 1784 2100 1831 del
2121 1795 2198 1831 ce-

293 1854 417 1901 leste
448 1855 625 1912 Padre,
658 1855 720 1902 ed
751 1854 1029 1901 arricchirli
1059 1855 1196 1914 cog-li
1226 1856 1473 1903 inesausti
1504 1857 1555 1902 di
1584 1858 1658 1903 lui
1678 1857 1847 1905 tesori.
1873 1857 2196 1916 Imperocche

295 1928 360 1973 da
391 1928 568 1987 questo
599 1927 1019 1975 desideratissimo
1062 1929 1256 1976 ritorno
1294 1931 1393 1976 alla
1438 1930 1603 1978 verita
1646 1931 1709 1978 ed
1751 1932 1850 1977 alla
1891 1930 2194 1978 comunione

296 2001 423 2046 oolla
453 2000 633 2047 Ohiesa
663 2000 897 2048 cattolioa
928 2002 1163 2061 deende,
1204 2016 1309 2049 non
1351 2003 1455 2051 solo
1496 2005 1547 2051 la
1586 2004 1748 2051 salute
1792 2004 1843 2050 di
1889 2004 2097 2052 ciascun
2144 2004 2196 2050 di

294 2074 416 2131 lor0‚
450 2085 535 2120 ma
564 2074 727 2121 anche
757 2075 1163 2123 massimamenie
1192 2077 1242 2123 la
1272 2077 1436 2125 salute
1474 2078 1525 2123 di
1567 2077 1706 2124 tutta
1744 2079 1794 2124 la
1837 2077 2078 2125 cristiana
2120 2090 2196 2124 so-

291 2145 447 2205 cieta3
480 2159 507 2193 e
535 2147 571 2191 il
602 2148 787 2194 mondo
817 2149 1058 2195 universo
1089 2162 1194 2196 non
1224 2150 1325 2208 puo
1367 2151 1558 2209 godere
1602 2151 1733 2198 della
1779 2163 1901 2198 vera
1939 2163 2090 2210 pace,
2136 2164 2191 2199 se

293 2231 398 2265 non
429 2220 470 2266 si
498 2220 551 2265 fa
580 2233 652 2266 un
685 2222 788 2267 solo
819 2221 950 2268 ovile
982 2223 1045 2282 ed
1074 2235 1149 2269 un
1182 2225 1256 2269 sol
1287 2223 1509 2271 Pastore.

326 2292 477 2359 ’Dato
507 2306 538 2338 a
566 2294 725 2340 Roma
754 2306 924 2353 presso
965 2295 1015 2341 S.
1050 2296 1232 2354 Pietr0‚
1271 2297 1308 2343 il
1350 2298 1534 2355 giorno
1567 2297 1624 2344 13
1655 2298 1706 2345 di
1741 2298 2012 2347 settembre
2046 2298 2185 2345 1868.

292 2366 488 2414 L'anno
518 2366 690 2414 XXIII
723 2369 803 2416 del
833 2368 1006 2416 nostro
1036 2370 1352 2417 Pontificato.

839 2917 1640 3004 -θὲἕέθᾩῇ
