2488 4290
382 338 439 384 30

387 456 576 494 omnes
613 439 950 509 praeclaram
1000 437 1157 490 illam
1211 436 1550 488 voluntatem
1606 450 1667 486 ac
1717 433 2100 486 liberalitatem
2140 447 2270 497 pro·-

385 527 602 593 vehant‚
643 526 873 592 Tibique
912 526 979 576 ad
1018 531 1298 576 aeternam
1325 538 1516 574 eorum
1542 521 1774 573 salutem
1813 517 2032 585 plenius
2070 533 2272 584 procu-

386 612 615 664 randam
653 609 977 677 temporalia
1015 611 1334 660 adiumenta
1370 607 1732 673 suppeditent.

464 698 566 757 Qui
606 702 787 748 autem
825 695 1073 747 fidelium
1129 695 1380 746 omnium
1439 707 1567 756 erga
1622 691 1694 741 Te
1752 692 1956 756 pietate
1996 694 2272 755 tantopere

388 783 671 848 afficimur,
710 783 1023 833 Beatissime
1061 783 1247 841 Pater,
1293 776 1586 844 peculiaris
1624 777 1807 841 gaudii
1846 776 2087 826 fructum
2127 777 2274 843 capi-

389 862 614 920 mus'ex
649 865 747 918 illa
784 867 928 932 fide,
986 881 1044 917 ex
1091 863 1189 916 illo
1247 879 1429 915 amore
1485 868 1538 913 et
1592 861 1900 927 obsequio,
1960 875 2070 925 quo
2121 860 2273 926 digni

391 960 642 1006 aeternae
676 953 829 1004 Urbis
867 953 1008 1004 cives
1047 950 1117 1001 Te
1155 952 1380 1011 Patrem,
1426 948 1495 999 Te
1523 946 1835 1013 Principem
1861 945 2275 1012 indulgentissi-

391 1055 547 1091 mum
586 1039 1039 1105 complectuntur.
1084 1035 1340 1086 Felicem*
1371 1032 1641 1100 populum
1680 1048 1741 1084 ac
1776 1048 1899 1084 vere
1937 1033 2275 1099 sapientem!

391 1126 488 1191 qui
525 1125 678 1176 novit
729 1137 869 1188 quae
927 1121 1033 1172 sibi
1090 1119 1396 1187 amplitudo
1447 1125 1498 1169 et
1552 1117 1729 1183 gloria
1768 1133 1829 1168 ex
1864 1118 2005 1169 Petri
2042 1117 2179 1169 Sede
2215 1119 2274 1169 in

393 1211 531 1261 Urbe
570 1210 860 1261 constituta
897 1206 1208 1272 proveniat,
1250 1205 1346 1271 qui
1384 1203 1647 1269 intelligit
1681 1219 1791 1255 non
1832 1204 1972 1255 alios
2011 1204 2276 1255 terminos

394 1297 605 1347 divinae
648 1309 775 1358 erga
813 1303 868 1345 s'e
905 1291 1235 1357 benignitati
1273 1291 1524 1342 definitos
1560 1291 1674 1342 fore
1701 1332 1714 1353 ‚
1775 1304 1940 1355 quam
1990 1283 2127 1356 quos
2163 1290 2278 1355 ipse

392 1383 497 1434 sibi
534 1382 593 1431 in
631 1396 730 1432 sua
768 1394 894 1443 erga
931 1378 1123 1430 Christi
1160 1377 1436 1430 Vicarium
1475 1377 1823 1428 observantia
1873 1382 1926 1428 et
1976 1377 2035 1426 in
2071 1376 2278 1427 Princi-

392 1481 516 1534 pem
564 1465 1002 1517 Sacratissimum
1063 1478 1248 1515 amore
1297 1463 1658 1516 constituerit.
1729 1461 1872 1514 Haec
1932 1462 2270 1528 concupisce,

393 1554 531 1604 haec
566 1566 793 1617 sequere
830 1564 1059 1601 romana
1095 1564 1257 1616 gens3
1287 1550 1386 1602 ‘sit
1422 1550 1561 1602 haec
1598 1554 1849 1601 constans
1871 1591 1884 1613 ,
1940 1549 2013 1600 sit
2048 1549 2278 1600 immota

392 1641 559 1705 pietas
572 1652 589 1706 3
629 1638 701 1688 sit
736 1638 871 1688 haec
908 1651 1136 1688 romana
1174 1636 1337 1699 UrbS,
1381 1640 1547 1700 quam
1575 1636 1930 1687 ‘Christianus
1971 1635 2123 1688 Orbis
2161 1651 2278 1687 cae-

396 1732 636 1776 terarum
660 1724 968 1790 principem
995 1736 1260 1788 suamque
1287 1721 1500 1785 lubenS,
1548 1722 1808 1787 agnoscit,
1851 1722 2075 1773 caeteris
2101 1737 2279 1773 exem·

393 1809 485 1876 plo
522 1807 857 1875 praelucenS,
901 1809 973 1859 sit
1009 1806 1330 1861 caelestibus
1368 1808 1554 1874 gratiis
1581 1807 1848 1874 donisque
1873 1808 2071 1860 florens
2091 1847 2108 1874 ‚
2168 1807 2274 1859 vir-

396 1895 601 1947 tutibus
622 1895 939 1962 ,opibusque
970 1894 1142 1948 beata.

730 2192 740 2215 ἆ
1844 2188 1847 2192 ,

396 2238 446 2284 (11
476 2236 609 2284 tutto
638 2235 675 2282 il
704 2237 835 2283 clero
865 2248 1187 2295 proseguano
1219 2248 1314 2283 con
1345 2237 1521 2297 questo
1552 2236 1719 2284 nobile
1749 2237 2003 2297 proposito
2027 2238 2092 2285 ad
2121 2249 2282 2288 essere

394 2311 579 2371 larghi,
613 2311 674 2358 ed
704 2324 734 2357 a
763 2324 978 2370 porgere
1009 2324 1039 2357 a
1069 2311 1161 2357 Voi
1191 2311 1209 2356 1
1240 2310 1504 2370 temporali
1535 2312 1752 2371 sussidii,
1776 2313 1927 2360 affine
1943 2314 1994 2359 di
2013 2325 2282 2372 procurare

396 2385 475 2432 vie
503 2385 691 2443 meglio
721 2386 770 2431 la
800 2386 904 2431 loro
935 2384 1110 2431 eterna
1140 2385 1380 2431 salvezza.
1451 2409 1459 2417 ·

454 2458 733 2517 Senonche‚
765 2458 960 2505 mentre
991 2458 1147 2504 siamo
1178 2459 1348 2516 colpiti
1381 2471 1412 2504 a
1456 2457 1632 2517 q'uesto
1664 2471 1825 2517 segne
1873 2459 2166 2513 dallfaffetto
2198 2461 2278 2519 del

395 2545 607 2580 comune
651 2531 733 2579 dei
775 2532 919 2579 fedeli
965 2544 1103 2579 verso
1155 2531 1206 2577 di
1250 2532 1360 2591 Voi,
1408 2532 1702 2579 Beatissimo
1735 2533 1910 2591 Padre,
1969 2534 2283 2592 percepiamo

397 2605 529 2654 sensi
561 2605 611 2651 di
641 2605 854 2664 speciale
904 2606 1183 2664 allegrezza
1229 2606 1294 2651 da
1337 2607 1505 2665 quella
1534 2606 1660 2665 fede,
1694 2607 1758 2652 da
1789 2608 1939 2666 quell’
1963 2619 2131 2654 amore
2162 2620 2190 2655 e
2222 2609 2285 2654 da

398 2678 799 2739 quell'ossequiO,
833 2680 908 2725 col
941 2680 1088 2738 quale
1118 2679 1137 2724 1
1168 2679 1325 2737 degni
1357 2679 1590 2726 cittadini
1622 2681 1929 2727 dell’Eterna
1949 2680 2084 2727 Citta
2113 2681 2155 2727 si
2177 2682 2285 2729 ten-

399 2765 536 2812 gono
566 2752 732 2799 stretti
764 2765 795 2797 a
825 2753 917 2799 Voi
946 2754 1051 2799 loro
1083 2753 1240 2810 Padre
1271 2767 1298 2800 e
1331 2753 1563 2812 Principe
1593 2754 1997 2801 clementissimo.
2031 2755 2072 2802 Ο
2110 2758 2287 2815 popolo

397 2829 539 2876 felice
570 2841 598 2874 e
628 2828 918 2875 veramente
948 2829 1097 2886 pieno
1114 2828 1165 2875 di
1197 2829 1462 2887 sapienza!
1497 2830 1538 2875 Il
1571 2832 1718 2889 quale
1736 2833 1950 2878 conosce'
1962 2832 2079 2891 qual
2096 2832 2286 2879 maesta

400 2915 428 2949 e
457 2902 623 2961 gloria
654 2914 685 2947 a
714 2901 787 2946 lui
818 2902 1059 2959 proviene
1092 2902 1223 2948 dalla
1256 2901 1383 2950 Sede
1417 2903 1466 2948 di
1497 2903 1661 2950 Pietro
1693 2904 1914 2950 stabilita
1935 2906 2068 2952 nella
2086 2906 2289 2964 propria

401 2975 540 3034 citata,
575 2975 636 3022 ed
665 2975 874 3022 intende
906 2976 998 3023 che
1028 2977 1127 3021 alla
1158 2976 1332 3022 divina
1362 2977 1632 3036 benignita
1662 2990 1805 3025 verso
1837 2979 1887 3024 di
1916 2979 1990 3025 lui
2020 2992 2123 3025 non
2164 2993 2286 3027 sono

399 3049 530 3108 posti
560 3048 675 3096 altri
705 3048 871 3107 limiti,
925 3062 977 3096 se
1025 3061 1128 3095 non
1160 3050 1277 3108 quei
1322 3051 1581 3098 medesimi
1612 3051 1704 3099 che
1734 3064 1842 3099 esso
1871 3065 2002 3111 pone
2032 3055 2165 3100 nella
2195 3066 2287 3100 sua

401 3135 698 3170 osservanza
729 3134 872 3169 verso
916 3123 952 3168 il
1001 3123 1199 3169 Vicario
1230 3123 1281 3169 di
1313 3122 1490 3182 criste,
1540 3138 1567 3171 e
1612 3127 1904 3173 nell'amore
1950 3138 2093 3174 verso
2130 3128 2166 3174 il
2195 3141 2287 3176 suo

400 3196 631 3255 Principe
660 3195 963 3242 santissimo.
995 3195 1233 3243 Desidera
1262 3196 1455 3256 quest0‚
1489 3211 1517 3244 o
1547 3199 1726 3256 popolo
1747 3212 1972 3259 romane,
1995 3213 2023 3248 e
2052 3197 2287 3249 mandale

402 3271 467 3318 ad
495 3269 695 3328 effett03
727 3269 802 3315 sia
833 3268 1058 3316 costante
1087 3269 1150 3315 ed
1196 3269 1452 3317 immobile
1490 3271 1669 3330 questa
1703 3272 1794 3318 tua
1822 3272 1990 3333 pieta3
2037 3287 2064 3320 e
2109 3276 2287 3334 questa

400 3345 493 3392 tua
532 3344 706 3402 Roma,
758 3343 850 3390 che
893 3343 929 3388 il
978 3343 1161 3389 mondo
1212 3343 1448 3390 cristiano
1500 3330 1982 3394 volen'terosamente
2031 3348 2284 3396 riconosce

403 3431 544 3466 come
574 3429 668 3464 sua
697 3416 837 3476 citata,
870 3429 897 3463 e
928 3429 1066 3463 come
1096 3416 1240 3463 reina
1270 3417 1320 3462 di
1352 3417 1485 3465 tutte
1505 3419 1551 3466 le
1583 3419 1726 3478 altre,
1759 3420 2056 3469 illustrando
2086 3424 2132 3469 le
2161 3422 2285 3469 citta

405 3491 680 3539 rimanenti
712 3491 787 3538 col
817 3502 907 3537 suo
939 3490 1174 3549 esempiO,
1194 3491 1391 3538 fiorisoa
1410 3505 1499 3550 per
1519 3495 1569 3539 la
1589 3494 1762 3553 grazia
1793 3507 1820 3541 e
1849 3495 1929 3562 pe’
1948 3496 2066 3550 doni
2098 3496 2283 3556 celesti,

405 3579 434 3617 e
461 3566 536 3618 sia
564 3578 653 3631 per
683 3563 821 3618 virtu
850 3577 878 3617 e
907 3577 998 3629 per
1028 3563 1303 3626 prosperita
1332 3565 1494 3618 beata.
