2488 4290
554 359 612 405 86

628 461 921 518 C‘ardinalis
980 465 1186 534 Capalti
1234 465 1563 532 annqelium
1620 466 1795 519 cecinit
1841 458 2146 536 desumptum
2180 485 2244 521 ex

558 550 766 602 XVJJJ
794 550 848 603 3.
893 553 1163 603 Matthaei.

623 637 685 687 In
720 639 814 689 bac
850 639 1065 689 secunda
1097 639 1324 703 qenerali
1360 637 1591 691 Sessione
1615 641 1806 691 nullum
1833 641 2106 693 Decretum
2131 643 2334 708 publica

551 731 643 785 est,
676 729 953 790 propterea
990 724 1120 786 quod
1155 725 1345 774 nullum
1383 726 1544 776 adbuc
1583 727 1635 776 in
1661 726 1902 793 promptu
1941 732 2103 782 esset:
2160 732 2217 779 at
2264 730 2317 780 ni

547 810 705 859 minus
742 807 908 860 Sessio
945 811 1111 874 maqni
1145 812 1374 880 momen-ti
1402 811 1518 873 fuit
1552 812 1611 862 ob
1649 801 1952 876 sinqularem
1987 813 2120 879 fidei
2146 813 2349 880 profes:
2368 816 2381 829 ⁶

546 910 664 944 nem.
712 895 937 959 Namque
975 896 1078 960 ipse
1116 895 1272 947 Ponti
1267 896 1371 961 sea
1409 898 1608 962 primus
1647 899 1857 948 omnium
1893 914 2064 949 coram
2098 900 2284 964 synodo
2421 934 2430 938 ⁴-

548 980 831 1030 solemniter
878 981 1035 1046 fecit,
1063 985 1067 989 '
1095 983 1225 1044 quod
1278 983 1328 1032 in
1384 983 1503 1032 aliis
1562 984 1886 1035 oecumenicis
1923 982 2145 1048 Synodis
2180 986 2405 1051 σοπιὶῃίε
2442 978 2450 983 “

549 1082 643 1116 non
682 1067 914 1135 leqimus:
951 1083 1008 1118 ea
1040 1067 1278 1131 formula
1308 1068 1468 1132 facta
1508 1073 1584 1119 est
1608 1070 1753 1135 fidei·
1764 1059 2043 1136 professio,
2076 1085 2200 1133 quae
2229 1070 2434 1138 Apost

551 1151 716 1216 licam,
776 1152 1077 1205 Nicaenam..
1096 1158 1146 1204 et
1188 1154 1538 1204 Tridentinam
1583 1156 1740 1221 fidem
1797 1155 2068 1221 exhiberet,
2121 1171 2352 1221 quaeque,
2404 1153 2444 1214 ,ῐῖ

556 1235 762 1288 Christo
800 1238 1008 1290 Domino
1047 1244 1255 1290 auctore
1280 1241 1566 1302 dimanans,
1612 1245 1863 1303 tamquam
1908 1239 2333 1310 pretiosissim‘mn
2372 1271 2378 1284 ,-
2398 1267 2409 1285 ι

539 1324 762 1388 positum
798 1325 850 1374 in
897 1325 1150 1376 catholica
1206 1325 1442 1376 Ecclesia
1494 1326 1757 1388 vallatum,
1819 1328 2074 1389 munitum,
2135 1313 2437 1400 custodit]

550 1409 680 1471 quod
724 1425 820 1475 per
873 1411 1187 1461 saeculorum
1241 1411 1609 1461 vicissitudines
1667 1413 1735 1462 ad
1772 1416 1994 1463 'aetatem
2030 1427 2182 1476 usque
2218 1411 2435 1464 nostr’

552 1494 924 1545 immaculatum
952 1497 1197 1561 pervenit,
1240 1511 1366 1547 nova
1402 1498 1666 1547 munitione
1718 1498 1772 1547 in
1805 1499 2102 1563 praesentia
2138 1487 2443 1563 απρθφιᾱωηεΪ

551 1595 608 1629 ea
646 1580 725 1630 die
754 1581 913 1644 facta
949 1586 1025 1632 est
1062 1583 1181 1632 baec
1219 1583 1446 1632 solemnis
1459 1569 1467 1572 ⁸
1472 1583 1602 1648 fidei
1630 1583 1906 1648 professio,
1939 1599 2036 1647 qua
2063 1585 2142 1634 die
2177 1585 2230 1635 in
2266 1589 2352 1636 cat
2377 1588 2382 1592 '

550 1665 649 1715 lica
686 1665 919 1718 Ecclesia
956 1668 1194 1717 solemnia
1233 1668 1549 1732 celebrantur
1575 1670 1634 1718 de
1662 1685 1713 1720 eo
1739 1670 1870 1735 fidei
1894 1670 2089 1732 lumine,
2120 1671 2250 1733 quod
2269 1671 2434 1735 qenes}

550 1750 618 1799 ad
658 1749 920 1803 Christum
957 1758 1130 1803 natum
1165 1757 1308 1811 recta
1346 1755 1427 1804 oia
1454 1755 1728 1818 perduccit:
1765 1756 1895 1817 quod
1930 1756 2091 1805 lumen
2125 1748 2318 1818 quidem
2367 1759 2450 1833 rs]

547 1851 749 1902 rumper
787 1839 1043 1904 disparuit
1079 1853 1230 1904 super
1265 1840 1409 1903 reqia
1447 1841 1667 1902 civitate,
1712 1841 1801 1890 sed
1836 1845 1894 1890 ut
1931 1841 2070 1891 illico
2094 1862 2098 1866 ’
2123 1845 2198 1903 (ea
2235 1842 2376 1892 civit

545 1923 772 1987 neqleota
827 1938 952 1987 quae
1006 1924 1101 1973 sibi
1156 1924 1315 1973 lumen
1371 1940 1475 1975 esse
1516 1930 1748 1991 putaret,
1806 1926 2019 1976 caeleste
2071 1927 2345 1990 reformid
2421 1955 2435 1966 ··

548 2008 856 2072 splendidius
909 2010 1214 2074 refulqeret,
1271 2015 1537 2074 ¹qentesque
1595 2026 1703 2062 cum
1762 1996 1968 2062 Christo
2027 2017 2145 2064 nato
2196 2027 2366 2080 perpe

549 2094 878 2159 coniunqeret.

617 2179 814 2243 Itaque,
843 2183 910 2238 ad
945 2183 1240 2234 instantiam
1277 2183 1634 2247 Promotorum
1678 2182 1900 2246 Concilii,
1937 2198 2145 2249 surqens
2182 2177 2435 2304 Pontier'J

546 2281 714 2335 coram
764 2253 1067 2332 amplissimo
1124 2268 1344 2319 Patr-um
1405 2267 1659 2339 Consessu,
1705 2283 1886 2332 suoque
1923 2269 2145 2335 exemplo
2184 2268 2347 2320 Pat'
2356 2290 2385 2311 ι

548 2334 967 2418 consumentibus,
1011 2355 1141 2419 fidei
1180 2356 1549 2420 professvonem
1584 2355 1765 2420 incepit
1806 2369 1865 2405 ac
1893 2359 2232 2420 prosequutus
2267 2358 2394 2405 est
2398 2351 2442 2406 *ἶ

545 2436 778 2487 reboante
813 2453 938 2501 voce,
985 2454 1108 2502 quae
1147 2444 1304 2490 totam
1343 2438 1535 2505 Synodi
1570 2441 1738 2490 aulam
1775 2440 2012 2490 distincto
2047 2453 2163 2490 sono
2198 2434 2432 2563 repleuit

615 2521 830 2573 Interim
866 2525 1074 2574 omnium
1109 2530 1293 2575 mentes
1329 2526 1508 2576 intima
1533 2526 1833 2590 coqitatione
1858 2525 2093 2588 suavique
2117 2525 2270 2575 animi
2291 2538 2334 2574 3

546 2608 738 2658 nutriri
772 2610 907 2660 visae
942 2614 1075 2672 sunt,
1120 2611 1521 2673 quemadmodum
1544 2610 1855 2661 adstantium
1891 2610 2061 2660 vultus
2097 2591 2432 2676 significabat?

544 2690 692 2742 Alios
730 2698 895 2744 autem
929 2696 1147 2745 novimus
1183 2695 1278 2746 sibi
1303 2697 1893 2762 animorep'raesentasse
1930 2692 2175 2746 Simonem
2199 2693 2384 2745 Petr'

544 2778 628 2838 qui
670 2776 878 2849 Cliristo
915 2781 1123 2831 Domino
1167 2782 1477 2833 sciscitanti.-
1532 2780 1636 2832 Vos
1690 2795 1852 2845 quem
1911 2796 1997 2831 me
2052 2795 2168 2832 esse
2222 2779 2427 2831 diciti-

550 2861 791 2929 Prompte
826 2867 1114 2932 respondit:
1171 2869 1250 2918 Tu
1289 2882 1343 2918 es
1382 2866 1618 2923 Christus
1655 2866 1824 2917 Filius
1859 2867 1954 2917 Dei
1996 2859 2131 2918 vivii
2195 2866 2290 2916 alii
2323 2879 2370 2916 c
2417 2868 2433 2926 j

546 2947 839 3000 siderarunt
866 2948 1111 3002 Simonem
1136 2952 1351 3002 Petrum
1385 2953 1758 3019 confirmantem
1787 2952 2028 3014 fratres.-
2065 2951 2160 3002 alii
2192 2935 2380 3002 unitdt
2402 2981 2422 3023 1.

533 3031 678 3096 fidei,
722 3050 847 3097 quae
882 3036 970 3086 sub
1007 3039 1164 3088 variis
1201 3039 1491 3097 concinnata
1512 3041 1576 3088 'et
1627 3037 1881 3103 explicata
1928 3035 2177 3099 formulis
2209 3034 2355 3085 .illib

543 3119 597 3168 in
633 3117 786 3170 Petri
821 3123 1183 3173 successoribus
1213 3123 1399 3188 iuqiter
1427 3123 1739 3188 permansit:
1777 3122 1870 3172 alii
1895 3121 2144 3171 doctorem
2167 3120 2311 3189 fidei,
2356 3141 2389 3174 ι,
2405 3130 2415 3182 ’ᾗ

541 3217 628 3254 suo
667 3207 885 3271 exemplo
923 3209 1160 3274 ostendit,
1201 3223 1295 3272 quo
1332 3212 1491 3271 scuto,
1521 3207 1695 3270 quibus
1733 3207 1889 3257 armis
1924 3206 2134 3280 mundus
2169 3206 2342 3256 vincat

625 3288 665 3338 Ο
701 3289 878 3351 Roma,
917 3293 1110 3359 quando
1165 3294 1353 3344 virtute
1406 3297 1627 3344 veterum
1664 3297 1863 3343 tuorum
1899 3295 1954 3342 et·
1983 3291 2232 3356 sapientia
2251 3290 2347 3355 ‘leq
2395 3281 2418 3355 „s

533 3376 748 3441 populos
781 3377 1099 3440 nationesque
1137 3379 1227 3429 tibi
1261 3378 1565 3440 subiiciebas,
1596 3378 1732 3428 baud
1758 3376 2079 3441 intellexisti,
2107 3390 2204 3438 qua
2231 3374 2316 3425 abs
2341 3396 2401 3433 Δ»,

487 3476 489 3478 ·
545 3461 656 3510 dita
691 3462 882 3512 virtute
917 3464 1200 3526 movereris,
1257 3470 1307 3514 et
1359 3478 1451 3526 quo
1507 3463 1792 3513 ducereris:
1850 3464 2178 3526 coqnoverunt
2231 3459 2363 3522 qui

539 3530 806 3598 identidem
833 3546 1120 3611 fertissimi
1158 3549 1351 3614 populi,
1413 3548 1585 3613 quibus
1621 3548 1854 3615 impetum
1880 3545 2132 3611 faciebas,
2176 3543 2398 3598 Roma
