2488 4290
1991 294 2074 353 189

175 414 264 466 aut
296 427 428 471 vase,
461 414 658 475 publice
701 415 959 474 ponantur
998 403 1074 460 tot
1117 409 1404 470 schedulae,
1448 408 1546 469 vel,
1593 410 1634 456 si
1678 409 1848 467 magis
1891 410 2071 467 placet,

173 493 436 553 spherulae
466 491 669 550 ligneae
710 491 877 548 palam
921 488 1235 546 numeratae,
1281 486 1405 545 quot
1444 486 1567 530 sunt
1609 484 1893 530 cardinales
1936 496 2076 541 prae-

172 568 340 615 sentes
371 567 422 611 in
456 564 704 621 conclavi,
745 576 861 609 cum
902 575 1075 609 eorum
1116 560 1433 617 nominibus;
1480 558 1662 604 deiude
1706 569 1795 615 per
1837 558 2073 603 ultimum

172 642 439 687 diaconum
471 638 811 685 extrahantur
843 638 1007 695 primo
1039 635 1346 682 scrutatores
1375 636 1495 690 treS,
1541 633 1593 678 et
1631 634 1806 690 postea
1849 633 1951 677 tres
1996 632 2077 676 de-

171 715 337 774 putati
367 726 456 771 pro
490 713 621 759 votis
651 712 987 770 infirmorum,
1023 711 1111 770 qui
1152 707 1421 756 brevitatis
1465 707 1638 766 gratia
1682 706 1947 751 infirmarii
1994 718 2077 763 ap-

170 791 343 848 pellari
375 788 602 846 possunt,
638 787 698 833 de
730 799 948 845 quorum
979 785 1209 831 omnium
1243 783 1404 830 officio
1436 782 1649 828 inferius
1681 793 1772 826 suo
1804 781 1911 826 loco
1959 780 2078 825 scri-

171 865 333 911 betur.
367 862 510 920 Quod
541 863 580 907 si
626 862 675 906 in
721 861 1036 907 extractione
1080 860 1424 906 scrutatorum
1466 857 1516 902 et
1557 855 1973 908 infirmariorum,
2020 867 2078 900 ac

169 938 322 985 etiam
353 936 753 995 recognitorum,
788 936 848 982 de
881 935 1067 994 quibus
1098 946 1190 979 suo
1221 934 1329 978 loco
1362 932 1576 989 dicetur,
1621 930 1841 976 extracti
1887 929 2078 974 fuerint

170 1012 468 1068 cardinales,
501 1011 590 1070 qui
622 1010 685 1056 ob
709 1006 1077 1066 infirmitatem,
1103 1007 1307 1053 aliudve
1330 1006 1753 1064 impedimentum
1776 1003 2075 1049 muneribus

168 1086 438 1146 praedictis
467 1085 755 1131 satisfacere
787 1096 889 1129 non
924 1083 1136 1141 possint,
1173 1082 1257 1127 alii
1289 1094 1394 1127 non
1426 1079 1674 1138 impediti,
1719 1080 1828 1125 loco
1872 1078 2073 1123 illorum

170 1160 526 1207 extrahantur.
578 1160 784 1205 Peracta
830 1171 949 1204 vero
991 1156 1326 1213 extractione,
1367 1154 1636 1201 schedulae
1679 1165 1768 1199 seu
1813 1152 2080 1210 spherulae

170 1247 362 1291 eorum,
411 1234 499 1293 qni
546 1233 766 1280 extracti
808 1232 1035 1290 fuerunt,
1082 1231 1135 1276 in
1179 1230 1471 1287 sacculum,
1522 1241 1612 1275 seu
1659 1228 1711 1273 in
1764 1239 1854 1273 vas
1896 1227 2079 1272 iterum

172 1309 525 1356 coniiciantur.

229 1383 426 1430 Tertius
471 1384 614 1428 actus
661 1380 1018 1428 antescrutinii
1050 1379 1125 1426 est
1166 1378 1525 1425 schedularum
1572 1377 1808 1424 scrutinii
1855 1375 2079 1434 scriptio,

171 1469 302 1517 quae
332 1457 419 1502 fiet
451 1456 544 1502 hoc
575 1456 738 1501 modo.
775 1455 853 1500 Ad
885 1455 1012 1500 duas
1046 1454 1125 1499 vel
1147 1454 1318 1511 plures
1339 1465 1524 1511 parvas
1546 1463 1749 1498 mensas
1772 1462 1902 1509 quae
1925 1452 2082 1495 erunt

171 1545 287 1579 cum
319 1531 604 1577 atramento
635 1531 685 1575 et
718 1530 924 1575 calamis
955 1530 1163 1588 paratae
1208 1528 1262 1572 in
1301 1528 1409 1573 loco
1441 1527 1699 1584 cappellae.
1731 1526 1866 1583 aptO,
1903 1525 1959 1569 ut
1993 1524 2081 1582 qui

172 1606 403 1653 scribunt
433 1605 654 1663 conspici
686 1604 898 1663 possint,
933 1604 1056 1663 quid
1088 1615 1206 1649 vero
1237 1602 1475 1648 scribitur
1508 1614 1611 1647 non
1636 1601 1809 1658 possit,
1835 1599 2075 1645 accedent

177 1681 457 1727 cardinales
502 1691 590 1738 per
639 1678 886 1736 ordinem,
930 1677 1220 1736 incipiendo
1253 1689 1283 1721 a
1317 1677 1527 1734 decano,
1561 1676 1612 1722 et
1643 1674 1712 1720 ibi
1745 1674 1979 1720 sedentes
2026 1673 2079 1716 in

173 1754 402 1801 scabellis
443 1753 651 1813 paratis,
698 1749 993 1799 schedulam
1041 1751 1257 1812 quisque
1306 1762 1470 1808 suam,
1523 1749 1781 1807 acceptam
1829 1748 1971 1805 prins
2017 1759 2082 1792 ex

173 1829 326 1887 disco,
359 1828 544 1875 scribet
573 1827 668 1874 hoc
711 1827 882 1873 modo:
933 1827 1097 1885 primo
1139 1826 1194 1871 in
1237 1826 1403 1883 prima
1445 1824 1591 1882 parte
1638 1823 1692 1868 in
1741 1822 1904 1880 spatio
1949 1822 2083 1866 inter

175 1903 330 1949 verba
364 1902 478 1962 (qu
513 1900 684 1960 Oard.)
719 1900 903 1947 scribet
950 1900 1214 1959 proprium
1260 1911 1478 1955 nomen3
1527 1897 1709 1944 deinde
1758 1897 1811 1941 in
1860 1895 2083 1942 secunda

175 1977 319 2035 parte
352 1987 538 2021 nomen
569 1974 705 2019 illius
735 1986 888 2033 quem
920 1973 1085 2030 eligit,
1119 1972 1411 2020 charactere
1444 1971 1637 2028 tamen,
1679 1969 1932 2028 quantum
1973 1969 2083 2015 fleri

175 2051 356 2109 potest,
389 2048 617 2107 alteratO,
642 2049 699 2094 ut
720 2060 905 2093 manus
926 2047 1197 2093 scribentis
1219 2045 1461 2104 cognosci
1482 2058 1586 2090 non
1609 2044 1791 2103 possit;
1816 2044 1866 2089 et
1888 2047 2081 2102 caveat,

177 2138 241 2170 ne
272 2126 442 2183 plures
473 2124 525 2168 in
560 2122 801 2169 schedula
830 2121 1035 2179 scribat,
1070 2121 1191 2181 quia
1212 2119 1521 2178 suffragium
1545 2119 1694 2164 iuxta
1714 2118 2084 2175 Gregorianam

175 2198 601 2245 Constitutionem
634 2198 762 2243 esset
794 2197 1011 2243 nullum.
1048 2197 1109 2240 In
1140 2195 1293 2241 tertia
1327 2207 1446 2240 vero
1477 2194 1622 2252 parte
1654 2195 1833 2251 signa,
1879 2193 1973 2240 hoc
2009 2196 2085 2241 est

178 2285 448 2320 numerum
480 2272 719 2330 aliquem,
751 2271 802 2317 et
834 2271 1028 2316 dictum
1061 2269 1267 2328 aliquod
1300 2268 1610 2326 Scripturae,
1634 2279 1723 2313 seu
1747 2267 1976 2320 verbum,
1995 2272 2085 2314 aut

177 2348 367 2407 aliquid
397 2342 705 2403 huiusmodi,
740 2346 797 2390 ut
830 2345 882 2390 in
917 2344 1166 2402 exempIO,
1191 2356 1282 2402 pro
1304 2343 1514 2388 faciliori
1539 2341 1902 2399 intelligentia,
1927 2343 2085 2389 oculis

177 2422 402 2468 subiecto
433 2421 604 2467 videre
636 2421 729 2466 est.

615 2522 851 2556 excitum!
897 2521 1121 2555 SCEBDULAE
1169 2520 1389 2554 scnurmn
1436 2520 1638 2554 summm.

1368 2599 1375 2723 ι
1434 2656 1526 2721 Eyo
1544 2657 1772 2707 Robertus
1839 2603 1843 2720 ·

1361 2727 1436 2853 ιθ.
1483 2724 1840 2851 Βσίίανιηίῇυει

410 2606 415 2725 ἓ
446 2661 538 2724 1390
576 2661 857 2723 Bon-isacius
884 2609 890 2721 i

417 2732 560 2854 heard
611 2731 870 2781 Caetanus.

243 2858 1355 3040 {el—*esee

263 3077 393 3138 Eliyo
415 3078 468 3124 in
487 3076 748 3125 Summum
768 3071 1054 3133 Pontificem

245 3149 293 3197 R.
319 3148 374 3197 D.
400 3161 565 3195 meum
586 3145 728 3196 card.
764 3146 1052 3195 Bam-onium.

284 3244 424 3413 ΕΣΙ
895 3241 1065 3413 ej}

1976 2910 2015 2993 e

1892 2868 1974 2910 01>

1838 2874 1976 3037 a

1207 3073 1341 3136 Etiyo
1362 3076 1419 3123 in
1440 3075 1702 3123 Summum
1724 3071 2008 3133 Pontificem

1189 3146 1241 3194 R.
1273 3146 1327 3194 D.
1355 3159 1522 3194 meum
1543 3144 1688 3194 Card.
1720 3145 2007 3193 Bar—onium.

1195 3241 1315 3294 ,O
1887 3242 1975 3284 (3

1187 3242 1368 3411 esox
1498 3298 1506 3306 «
1847 3282 2014 3410 000

369 3287 413 3373 (Ω

250 3356 252 3361 “
285 3372 371 3414 Θ

1458 3457 1536 3509 18.
1585 3460 1752 3510 Gloria

1446 3535 1504 3582 in
1550 3532 1744 3581 excelsis

515 3460 594 3511 18.
643 3461 808 3511 Gloria

500 3534 557 3582 in
594 3532 795 3582 excelsis
