2488 4290
399 445 504 508 iis,
565 444 611 494 si
652 432 908 509 temporis
945 431 1228 508 angustiae
1265 432 1512 508 singulos
1550 430 1709 493 nobis
1745 428 2029 509 complecti
2067 457 2178 495 non
2218 432 2288 495 si'-

397 537 550 593 nant,
594 530 652 579 in
690 529 1120 596 praesentiarum
1161 530 1347 580 omnia
1374 529 1691 578 ominamur
1725 529 1975 590 secunda,
2019 535 2073 580 et
2110 531 2282 581 effuso

399 615 576 664 cordis
614 613 811 665 affectu
849 615 986 664 bene
1026 629 1325 678 precamur.
1396 612 1667 662 Universis
1726 628 1853 664 vero
1914 601 2283 679 'supernorum

396 700 644 749 omnium
670 699 943 750 bonorum
970 699 1277 763 copiosique
1305 697 1483 747 divini
1523 695 1713 747 auxilii
1755 699 2057 763 auspicem,
2083 698 2284 748 simul-

394 798 497 847 que
534 785 855 849 praecipuae
894 781 1300 835 benevolentiae
1342 788 1556 832 nostrae
1596 788 1646 832 et
1684 784 1820 846 grati
1860 784 2031 834 animi
2072 789 2278 847 testem,

394 869 834 920 Benedictionem
873 868 1236 935 Apostolicarn
1277 883 1335 918 ex
1373 867 1485 917 imo
1513 874 1728 934 pectore
1768 869 2149 935 depromptam
2189 884 2281 934 pe-

395 962 673 1006 ramanter
709 956 1067 1021 impertimus,

402 1140 649 1147 —————

391 1266 531 1314 ciarli
573 1268 712 1327 tutti,
746 1267 1048 1326 auguriamo
1093 1266 1165 1312 flu
1213 1266 1354 1313 d’ora
1392 1265 1519 1325 ogni
1549 1266 1845 1326 prosperita,
1879 1279 1905 1314 e
1948 1266 2276 1317 desideriamo

390 1343 515 1400 ogni
542 1342 670 1390 bene
700 1354 793 1388 con
825 1342 950 1400 ogni
980 1341 1222 1388 effusione
1254 1341 1305 1388 di
1335 1340 1522 1388 affettO.
1557 1344 1602 1387 A
1627 1341 1749 1388 tutti
1769 1342 1852 1400 poi
1873 1344 2274 1390 amorosamente

389 1416 704 1474 impartiamo
754 1417 835 1462 dal
893 1416 1135 1474 profondo
1199 1416 1278 1463 del
1338 1428 1487 1463 cuore
1547 1416 1856 1474 l'apostolica
1916 1417 2240 1465 benedizione
2258 1452 2271 1478 ‚

391 1491 591 1548 auspice
621 1492 671 1536 di
699 1490 821 1537 tutti
853 1491 870 1536 i
900 1491 1106 1549 superni
1137 1491 1255 1537 beni
1287 1503 1314 1537 e
1345 1490 1396 1536 di
1428 1491 1624 1549 copioso
1665 1491 1804 1537 aiuto
1846 1491 2036 1552 divim,
2069 1506 2096 1538 e
2135 1492 2275 1539 testi-

389 1571 536 1610 mone
584 1559 792 1611 insieme
844 1565 972 1612 della
1013 1565 1194 1612 Nostra
1244 1565 1456 1623 speciale
1501 1565 1839 1612 benevolenza
1887 1578 1915 1612 e
1962 1565 2041 1612 del
2093 1567 2273 1614 Nostro

392 1638 558 1684 animo
589 1639 950 1686 riconoscente.

1217 2519 1344 2611 ἐξ

1350 2523 1428 2606 (3ῑῖ
