2488 4290
1995 264 2081 310 247

162 371 353 428 labores
380 377 586 437 integro
616 369 837 424 triennio
869 372 1208 431 continuatOS,
1232 369 1430 419 sublato
1461 370 1670 418 tandem
1698 370 1858 417 trium
1890 369 2057 418 Ponti-

162 455 314 503 ficum
357 452 646 510 schismate,
691 463 866 499 mense
911 448 1175 497 novembri
1220 460 1267 494 a.
1318 445 1461 505 1417,
1509 445 1774 514 legitimus
1823 445 2050 493 Pontifex

161 528 349 578 electus
392 527 444 576 et
488 540 518 573 a
565 525 767 574 cunctis
812 524 1027 585 agnitus
1066 523 1252 581 fuerat,
1284 522 1339 568 in
1371 521 1592 581 quatuor
1623 519 1862 579 deinceps
1891 520 2059 567 adhuc

159 601 488 664 sequentibus
529 600 846 649 sessionibus
862 635 875 658 ‚
919 613 950 645 a
991 598 1071 646 die
1108 599 1169 644 28
1209 596 1488 645 decembris
1533 608 1578 641 a.
1627 593 1742 642 1417
1784 606 1946 654 usque
1983 595 2055 672 ‘ad

160 678 220 725 22
247 677 421 737 aprilis
450 690 496 723 a.
534 675 666 734 1418,
699 674 950 723 nonnulla
980 672 1139 720 edidit
1168 671 1382 719 Decreta
1423 670 1531 717 sive
1562 668 1965 716 constitutiones
1995 669 2074 714 ad

162 751 568 800 reformationem
602 748 900 808 disciplinae
931 746 1296 796 ecclesiasticae
1342 745 1675 804 pertinentes,
1714 745 1765 791 et
1796 743 1850 788 in
1882 742 2065 789 ultima

163 825 394 874 Sessione
425 823 726 884 approbavit
756 823 807 871 et
838 823 949 871 rata
988 821 1169 869 habuit
1210 833 1269 869 ea
1299 819 1488 879 omnia,
1522 830 1652 879 quae
1683 829 1773 876 per
1805 817 1938 863 hanc
1969 815 2065 874 sy-

162 900 354 948 nodum
382 899 438 946 in
468 898 696 946 materiis
725 898 841 946 fidei
875 896 1212 946 conciliariter
1242 895 1386 955 prius
1407 894 1618 942 definita
1640 891 1862 939 fuerant.
1898 892 2060 947 Quam

163 975 226 1023 ob
269 987 395 1034 rem,
441 973 496 1020 in
545 973 682 1021 hisce
727 971 1133 1030 definitionibus,
1181 969 1590 1017 Constantiensis
1636 968 1924 1015 conventus
1982 978 2073 1024 pro

167 1048 384 1098 concilio
404 1048 729 1097 oecumenico
750 1046 1019 1106 recipitur;
1042 1046 1131 1093 sed
1155 1058 1316 1106 quum
1337 1057 1402 1092 ex
1419 1044 1564 1103 parte
1580 1043 1787 1090 tantum
1808 1040 2071 1100 receptum

169 1122 247 1192 sit,
280 1124 578 1183 plerumque
610 1121 820 1170 caeteris
852 1133 957 1168 non
989 1119 1405 1167 connumeratur.

561 1298 1037 1360 OECUMENICUM
1088 1296 1677 1356 SEXTUMDECIMUM.

866 1443 1368 1496 Florentinum.

227 1564 509 1617 Concilium
538 1564 905 1627 Florentinum,
938 1567 997 1614 ut
1029 1563 1365 1615 communiter
1396 1564 1699 1624 appellatur,
1733 1562 1965 1611 habitum
1997 1563 2073 1612 est

175 1642 272 1691 sub
304 1643 529 1690 Romano
560 1642 803 1689 Pontiflce
834 1642 1069 1701 Eugenio
1090 1641 1177 1701 IV,
1200 1640 1251 1687 et
1273 1639 1479 1700 quidem
1501 1638 1798 1686 inchoatum
1819 1637 2076 1686 Ferrariae

170 1729 216 1764 a.
250 1716 382 1776 1438,
426 1716 782 1765 continuatum
829 1715 1113 1764 Florentiae
1144 1728 1189 1762 a.
1226 1714 1360 1774 1439,
1394 1714 1581 1762 Romae
1623 1714 1845 1773 denique
1875 1713 2072 1759 absolu-

169 1791 299 1851 tum,
329 1791 395 1838 ad
425 1791 705 1838 uniendam
736 1791 1012 1839 Ecclesiam
1058 1801 1300 1850 graecam
1340 1789 1565 1848 aliasque
1610 1788 1880 1835 orientales
1912 1787 2076 1835 Eccle-

56 1859 69 1871 “
169 1867 269 1914 sias
317 1879 436 1915 cum
488 1865 707 1914 Ecclesia
750 1878 962 1914 romana
978 1900 991 1924 ,
1041 1865 1273 1912 omnium
1318 1863 1657 1912 Ecclesiarum
1710 1863 1873 1910 matre
1920 1862 2074 1921 atque

172 1940 439 2001 magistra.

233 2016 360 2064 Acta
390 2015 546 2063 huius
576 2015 789 2064 Concilii
818 2015 1001 2064 extant
1031 2016 1139 2062 tam
1169 2026 1372 2074 graece,
1407 2027 1563 2074 quam
1593 2014 1767 2062 latine.

232 2090 586 2138 Interfuerunt
617 2091 858 2138 Summus
889 2090 1143 2149 Pontifex,
1177 2090 1267 2150 qui
1297 2090 1404 2148 ipse
1434 2089 1768 2148 praesidebat,
1793 2089 1844 2136 et
1863 2088 1952 2137 200
1982 2089 2075 2135 cir-

172 2164 296 2214 citer
326 2165 584 2225 Episcopi;
618 2165 901 2225 Imperator
933 2177 1134 2226 quoque
1168 2165 1479 2212 Graecorum
1500 2164 1718 2211 Ioannes
1740 2163 2073 2223 Palaeologus

173 2250 292 2286 cum
320 2239 583 2299 splendido
614 2252 673 2288 ac
704 2240 963 2300 frequenti
995 2238 1257 2287 comitatu.

232 2314 579 2362 Numerantur
607 2314 669 2363 25
699 2314 957 2363 Sessiones
986 2314 1137 2362 iuxta
1170 2304 1306 2362 Acta'
1329 2326 1534 2374 graeca,
1558 2313 1666 2362 sive
1685 2313 1746 2362 22
1775 2312 2077 2361 Collationes

174 2386 323 2436 iuxta
353 2389 483 2438 Acta
511 2389 691 2438 latina.

234 2463 340 2511 Hoc
383 2462 681 2524 concinium,
728 2464 999 2526 postquam
1029 2464 1287 2513 Sessiones
1318 2464 1551 2524 publicae
1591 2465 1655 2512 ab
1686 2466 1717 2511 8
1748 2464 1828 2512 die
1859 2463 2076 2513 octobris

174 2548 338 2598 usque
369 2538 435 2585 ad
466 2537 524 2585 13
555 2538 832 2586 decembris
862 2552 908 2585 a.
944 2538 1062 2586 1438
1092 2538 1370 2598 Penariae,
1400 2540 1452 2586 et
1483 2551 1513 2584 a
1544 2538 1623 2586 die
1654 2539 1683 2585 2
1715 2538 1886 2586 martii
1918 2550 2078 2599 usque

175 2611 241 2658 ad
268 2612 329 2660 24
359 2611 584 2660 eiusdem
605 2613 804 2661 'mensis
833 2626 878 2660 a.
915 2613 1032 2660 1439
1063 2613 1364 2673 Florentiae,
1409 2613 1614 2661 habitae
1646 2614 1870 2672 fuerant,
1906 2626 1964 2661 ac
1995 2626 2079 2672 po-

175 2685 284 2735 stea
314 2686 404 2734 diu
433 2686 755 2748 multumque
784 2701 875 2747 per
904 2687 1158 2736 tractatus
1179 2688 1406 2747 privatos
1427 2689 1488 2735 de
1509 2689 1657 2735 modo
1679 2689 1885 2735 unionis
1908 2690 2080 2736 actum

175 2760 359 2820 fuerat,
391 2761 447 2808 in
478 2761 709 2810 Sessione
751 2762 963 2811 solemni
994 2762 1094 2810 diei
1124 2762 1154 2810 6
1182 2762 1294 2809 iulii
1327 2775 1372 2809 a.
1410 2763 1546 2822 1439,
1596 2764 1855 2811 communi
1898 2763 2082 2822 plausu

175 2835 527 2895 promulgavit
570 2836 840 2884 Decretum
884 2836 1093 2884 unionis
1121 2837 1372 2885 Ecclesiae
1403 2850 1590 2896 gracae
1633 2851 1751 2886 cum
1779 2838 1958 2897 latina,
1991 2850 2081 2896 per

175 2909 236 2957 20
264 2910 525 2958 Praesules
554 2910 796 2972 utrinque
827 2910 1095 2971 deputatos
1124 2911 1510 2960 accuratissime
1540 2912 1945 2971 concinnatum3
1979 2924 2079 2972 quo

175 2982 308 3032 facto
337 2984 534 3043 Graeci,
564 2984 621 3031 in
651 2984 871 3044 patriam
902 2985 1094 3033 reversi
1124 2985 1263 3033 sunt.
1304 2985 1372 3033 At
1403 2985 1646 3045 Synodus
1677 2987 1804 3045 ipsa,
1829 2998 1945 3032 cum
1967 2990 2080 3044 post

177 3070 362 3107 novem
391 3057 540 3107 hosce
568 3070 767 3108 menses
795 3058 1075 3119 principale
1113 3072 1305 3107 munus
1340 3060 1640 3119 peregisset,
1675 3061 1909 3106 nondum
1941 3060 2082 3106 abso-

177 3132 287 3180 luta
317 3132 417 3193 est;
457 3133 544 3181 sed
576 3146 789 3181 numero
818 3134 938 3182 licet
970 3133 1244 3182 imminuta
1273 3134 1512 3194 perstitit,
1547 3135 1598 3182 et
1628 3135 1896 3194 Eugenius
1926 3135 2078 3193 Papa,

177 3207 423 3267 perpetuo
452 3207 621 3267 ipsum
652 3207 931 3256 adiuvante
961 3207 1201 3269 ConciliO,
1235 3209 1481 3256 unionem
1512 3210 1668 3256 etiam
1700 3221 1819 3256 cum
1850 3208 1961 3255 aliis
1992 3208 2080 3255 Ec-

179 3281 342 3329 clesiis
371 3282 718 3342 orientalibuS‚
751 3294 970 3342 quarum
1002 3282 1184 3342 Legati
1208 3284 1458 3342 paulatim
1489 3284 1829 3343 accesserunt,
1852 3282 2078 3343 perfecit,

178 3355 369 3416 scilicet
398 3368 518 3404 cum
547 3356 783 3405 Armenis
814 3369 859 3403 a.
896 3356 1029 3416 1439,
1062 3358 1114 3403 et
1144 3368 1262 3404 cum
1294 3358 1530 3405 Iacobitis
1561 3372 1606 3404 a.
1635 3359 1746 3405 1441
1782 3357 1950 3405 adhuc
1972 3356 2080 3402 Flo-

180 3429 391 3488 rentiae,
424 3430 643 3491 denique
673 3431 862 3479 Romae
890 3443 1007 3479 cum
1039 3430 1186 3489 Syris
1216 3444 1260 3479 a.
1306 3425 1624 3492 1444‚‘atque
1657 3445 1773 3479 cum
1817 3430 2080 3478 Chaldaeis

181 3503 231 3550 et
261 3504 524 3553 Maronitis
554 3518 599 3551 a.
637 3506 766 3552 1445.
