2488 4290
493 362 581 411 132
663 386 666 388 v

574 488 594 514 α
633 468 834 528 Quibus
872 484 970 534 pro
1009 470 1189 522 Nostri
1228 468 1519 520 ministerii
1560 468 1742 521 debito
1795 473 2072 523 occurrere
2121 471 2382 539 volenteS‚

490 554 623 616 Tibi,
669 553 798 606 Ven.
846 556 1044 618 Frater,
1091 556 1186 621 qui
1224 552 1524 620 Apostolica
1562 554 1753 605 Nostra
1790 554 2142 619 Delegatione
2167 559 2227 608 in
2253 558 2389 611 Urbe

491 637 1085 707 constantinopolitana
1112 640 1472 706 perfungeris,
1507 641 1850 703 mandamuS,
1886 645 1947 691 ut
1979 643 2387 708 quamprimum

487 729 544 777 in
567 727 834 779 ,eamdem
876 727 1154 777 civitatem
1193 726 1397 788 redeas,
1443 725 1627 790 ibique
1668 741 1765 792 pro
1794 727 2070 778 commissi
2110 728 2230 780 Tibi
2268 742 2388 781 mu·

490 814 635 865 neris
690 813 903 863 ratione
960 812 1262 862 catholicos
1318 810 1619 862 Orientales
1656 812 1712 862 in
1752 828 1850 864 sua
1888 811 1995 864 fide
2036 811 2379 877 confirmare,
2447 823 2449 825 ’

491 898 649 964 atque
690 913 780 949 eos
820 898 986 963 quia
1024 898 1244 963 proprio
1284 896 1466 948 ufficio
1505 886 1870 961 declinarunt,
1922 899 1988 949 ad
2039 898 2231 951 salutis
2286 905 2388 951 tra-

489 986 684 1036 mitem
727 983 850 1033 totis
888 983 1093 1034 viribus
1131 983 1389 1034 reducere
1429 984 1739 1035 contendas.

572 1088 594 1116 «
632 1069 696 1119 Ut
733 1074 915 1119 autem
956 1069 1094 1120 haec
1133 1069 1236 1120 rite
1275 1068 1642 1135 perficiantur,
1700 1070 2068 1123 necessarium
2113 1077 2204 1134 est,
2249 1071 2361 1124 Ven

486 1159 685 1219 Frater,
729 1154 1014 1206 Fidelibus
1054 1161 1176 1206 tuae
1216 1170 1380 1206 curae
1413 1156 1719 1207 commissis
1770 1157 1828 1206 in
1880 1162 2118 1208 mentem
2170 1172 2386 1212 revoces

487 1251 647 1308 atque
684 1241 944 1303 inculceS‚
990 1242 1057 1291 ad
1098 1240 1423 1293 catholicam
1463 1240 1630 1293 fidem
1669 1243 1940 1309 pertinere
1968 1245 2213 1296 Romano
2247 1245 2383 1296 Pon-

488 1329 621 1380 tifici
660 1329 718 1378 in
758 1329 915 1378 Beato
955 1328 1107 1378 Petro
1149 1328 1420 1394 pascendi,
1451 1328 1675 1393 regendi
1714 1334 1767 1379 et
1791 1329 2135 1393 gubernandi
2166 1330 2384 1382 univer-

485 1414 656 1468 salem
694 1412 990 1465 Ecclesiam
1029 1429 1060 1464 a
1097 1414 1333 1466 Domino
1373 1414 1564 1466 Nostro
1603 1414 1727 1465 Iesu
1766 1415 1978 1467 Christo
2026 1408 2246 1482 plenam
2292 1433 2385 1484 po-

489 1506 735 1552 testatem
789 1500 1279 1565 auctoritatemque
1333 1515 1445 1552 esse
1496 1500 1783 1566 traditam;
1841 1501 1995 1552 cuius
2044 1500 2274 1567 plenum
2323 1517 2385 1555 ac

487 1587 725 1638 liberum
784 1587 1098 1638 exercitium
1156 1577 1329 1638 nullis
1389 1585 1807 1639 territorialibus
1862 1592 1956 1638 aut
2009 1587 2382 1640 nationalibus

489 1673 976 1740 limitibus-potest
1015 1674 1389 1726 circumscribi
1429 1679 1482 1724 et
1520 1674 1783 1738 coerceri3
1842 1679 1895 1724 et
1931 1688 2124 1725 omnes
2159 1674 2258 1739 qui
2297 1689 2383 1727 ca-

492 1757 695 1811 tholico
735 1762 963 1811 nomine
1002 1760 1322 1823 gloriantur,
1368 1775 1481 1811 non
1519 1759 1699 1810 solum
1739 1759 1931 1812 debere
1959 1775 2084 1811 cum
2110 1759 2209 1812 illo
2235 1776 2382 1814 com·-

489 1846 769 1897 municare
806 1847 986 1911 quoad
1033 1847 1198 1898 fidem
1255 1852 1333 1917 et
1363 1847 1633 1911 dogmat-a,
1695 1860 1886 1897 verum
1943 1847 2107 1897 etiam
2163 1848 2380 1901 subesse

485 1933 664 1998 quoad
702 1933 839 1983 ritus
880 1938 933 1983 et
972 1931 1332 1997 disciplinam.

470 2071 473 2074 ,
568 2039 588 2065 a
628 2019 743 2078 Qua
780 2019 837 2067 in
878 2034 935 2069 re
976 2034 1044 2069 ne
1083 2019 1481 2085 praetermittas
1518 2018 1804 2071 Armenios
1856 2034 2151 2094 omnesque
2200 2021 2382 2076 Orien-

484 2104 616 2157 tales
657 2104 885 2156 edocere
925 2110 1193 2169 quantum
1236 2104 1571 2156 discriminis
1599 2103 1941 2171 disciplinam
1968 2106 2111 2157 inter
2136 2113 2188 2158 et
2211 2107 2387 2162 ritum

484 2192 799 2253 intercedat,
853 2191 1006 2241 cuius
1061 2191 1350 2257 utriusque
1410 2191 1489 2242 rei
1548 2191 1795 2242 confusio
1851 2190 2076 2243 illorum
2133 2189 2377 2244 fidelium

484 2282 725 2328 mentem
767 2276 1068 2342 perturbat,
1111 2275 1360 2342 pluribus
1398 2277 1730 2343 iniustisque
1758 2277 2119 2343 querimoniis
2147 2281 2381 2345 occasio·-

485 2379 611 2414 nem
651 2363 910 2430 praebere
949 2378 1061 2414 non
1102 2370 1285 2425 cessat,
1332 2378 1502 2428 eaque
1535 2364 1776 2433 *maxime
1814 2364 2116 2415 abutuntur
2149 2364 2216 2415 ad
2255 2379 2379 2416 con-

481 2449 720 2500 flandam
778 2455 966 2501 contra
1020 2448 1385 2515 Apostolicam
1443 2438 1636 2500 Sedem
1675 2449 1943 2500 invidiam
1979 2449 2018 2500 ii
2058 2464 2248 2501 omnes
2284 2449 2379 2515 qui

481 2534 775 2586 salutarem
816 2536 1065 2586 eiusdem
1104 2534 1259 2586 Sedis
1299 2535 1574 2586 actionem
1615 2541 1668 2586 et
1703 2535 1814 2584 vim
1853 2534 1911 2584 in
1953 2535 2252 2587 Orientales
2286 2538 2378 2586 Ecq

483 2619 672 2672 clesias
710 2621 979 2687 impedire
1018 2627 1111 2671 aut
1146 2620 1480 2671 imminuere
1518 2621 1748 2671 minime
1796 2626 2068 2673 verentur.
2113 2621 2376 2689 Equidem

480 2708 581 2757 Nos
619 2720 731 2756 una
767 2722 893 2757 cum
930 2707 1439 2758 Praedecessoribus
1478 2707 1680 2758 Nostris
1733 2705 2033 2758 Orientales
2082 2707 2221 2758 ritus
2270 2722 2377 2758 ser-

479 2792 684 2842 vandos
740 2806 854 2842 esse
913 2790 1333 2854 declaravimuS,
1396 2792 1628 2856 quotieS,
1693 2806 1868 2856 neque
1913 2790 2042 2843 fidei
2084 2798 2138 2843 et
2173 2792 2375 2844 unitati

448 2876 776 2928 ‘catholicae
802 2884 1187 2944 repugnarent,
1220 2893 1398 2944 neque
1434 2875 1817 2930 ecclesiasticae
1845 2877 2170 2942 derogarent
2205 2878 2375 2930 hone-

481 2964 621 3014 stati.
669 2963 821 3023 Onod
861 2964 1087 3029 quidem
1126 2965 1359 3015 minime
1397 2965 1642 3030 impedit,
1675 2950 1988 3030 quominus,
2017 2964 2074 3014 in
2103 2964 2190 3015 his
2224 2979 2375 3032 prae-

477 3052 663 3101 sertim
701 3065 838 3114 quae
876 3049 1309 3102 Ecclesiasticum
1348 3050 1964 3117 regimen-respiciunt,
1996 3051 2255 3103 canonica
2293 3050 2371 3102 di-

476 3133 704 3201 sciplina
740 3137 921 3200 quoad
957 3138 1254 3203 praecipua
1297 3136 1488 3188 saltem
1544 3136 1722 3203 capita
1778 3137 1980 3202 ubique
2036 3137 2365 3199 cohaererat,

476 3227 527 3273 et
565 3221 659 3271 ubi
696 3221 912 3274 inversa
948 3222 1036 3273 vel
1075 3222 1315 3290 collapsa
1352 3223 1517 3274 fuerit
1554 3223 1890 3275 restituatur.
1941 3222 2126 3289 Neque
2163 3223 2229 3275 ab
2265 3222 2373 3275 hoc

478 3321 721 3372 unquam
761 3307 1129 3371 deflectemus,
1174 3315 1339 3375 prout
1377 3308 1674 3375 Apostolici
1711 3308 1887 3361 Nostri
1915 3296 2210 3361 ministerii
2246 3324 2372 3361 mu-

476 3407 582 3443 nus
643 3392 870 3444 omnino
933 3392 1185 3459 postulat.
1250 3397 1450 3460 Atque
1475 3394 1685 3446 idcirco
1739 3409 1803 3445 eo
1855 3391 2085 3468 consilio
2124 3394 2368 3446 Nostram

475 3458 937 3530 Constitutionem
999 3478 1272 3530 edidimus
1333 3478 1403 3530 IV
1445 3478 1596 3531 Idus
1620 3478 1787 3530 Iulias
1849 3478 2367 3532 an.MDcchxv11

477 3563 635 3621 cuius
671 3564 899 3631 initium
940 3569 1019 3616 est
1055 3564 1409 3624 Reversurus;
1449 3580 1618 3634 quarn
1675 3566 1735 3634 in
1773 3580 1875 3621 suo
1914 3565 2107 3635 robore
2145 3577 2366 3633 manere
2414 3627 2415 3630 Ἴ
