2488 4290
275 254 281 260 ⁷
358 289 417 335 38

378 398 696 445 renovatam
735 393 1006 458 agnoscat,
1049 394 1352 446 secundum
1389 382 1555 448 illud:
1609 382 1808 447 Emitte
1835 383 2076 463 ¹.‹›·pirit‘emz
2113 398 2254 452 tuum
2328 468 2330 470 v
2420 382 2426 403 ¹
2471 391 2488 461 ζ

366 486 415 532 et
458 480 779 544 creabuntur,
825 485 874 531 et
909 480 1166 532 renovabis
1195 479 1390 543 faciem
1428 484 1602 532 terrae
1636 479 1736 549 (Ps.
1780 484 1904 550 CIII,
1947 485 2047 555 30).

330 621 335 625 ,
431 568 575 629 Quae
629 569 881 634 quidem,
944 568 1266 633 adprecante
1321 568 1637 632 praesertim
1692 570 1848 638 beata
1901 585 1965 621 ac
2019 570 2250 635 gloriosa

359 669 574 720 semper
610 654 829 717 Virgine
867 650 1043 714 Maria,
1078 652 1233 702 cuius
1258 650 1431 703 hodie
1450 651 1836 707 Immaculatae
1875 656 2252 723 Conceptionis

361 740 723 805 mysterium,
780 753 997 789 summa
1053 737 1225 787 totius
1282 737 1480 788 mundi
1536 738 1862 792 exultatione
1918 740 2265 806 celebratur',·

362 826 661 878 concedere
700 825 956 889 dignetur
993 823 1252 876 omnihus
1291 823 1447 875 nohis
1495 831 1749 877 aeter-nus
1783 826 1878 879 Dei
1914 827 2105 893 Filius,
2147 828 2256 879 Do-

363 913 548 963 minus
585 927 647 962 ac
683 910 1010 977 Redemptor
1047 915 1232 960 noster
1269 909 1516 963 Christus
1572 911 1738 975 IesuS‚
1800 913 1899 978 qui
1938 928 2064 965 cum
2100 910 2253 965 Patre
2350 968 2357 978 ,

363 1004 415 1047 et
454 997 660 1063 Spiritu
698 985 891 1047 Sancto
940 994 1073 1046 vivit
1120 999 1172 1045 et
1221 1002 1416 1060 regnat
1458 995 1517 1046 in
1552 1002 1841 1065 perpetuas
1889 997 2248 1059 aeternitates.

362 1085 547 1134 Amen.
598 1129 603 1133 .

354 1380 531 1442 vquelle
560 1383 762 1441 parole:
807 1380 1070 1429 Mandarai
1101 1381 1147 1428 lo
1175 1380 1364 1441 spirito
1395 1382 1481 1430 tuo
1504 1414 1518 1440 ,
1551 1393 1575 1428 e
1607 1381 1651 1428 le
1681 1392 1785 1429 cose
1819 1393 2035 1431 saranno
2065 1378 2224 1430 create
2240 1396 2275 1439 ,·,

363 1470 387 1504 e
417 1457 770 1505 rinnovellerai
801 1456 853 1503 Za
869 1454 1048 1516 faccia
1079 1456 1214 1504 della
1245 1457 1402 1504 tero-a.

423 1532 575 1578 Tutto
626 1524 703 1578 cio
721 1567 734 1591 ‚
783 1532 848 1577 ad
899 1531 1259 1578 intercessione
1299 1531 1724 1589 principalmente
1755 1532 1886 1579 della
1915 1522 2065 1579 beata
2094 1544 2122 1579 e
2152 1532 2259 1590 glo-

365 1607 498 1653 riosa
528 1619 724 1664 sempre
754 1606 982 1664 Vergine
1027 1604 1186 1652 Maria
1206 1641 1219 1664 ,
1265 1604 1404 1666 ‘della
1454 1606 1538 1652 cui
1589 1607 1916 1653 Immaeolata
1956 1606 2262 1653 Concezione

365 1682 497 1740 oggi
527 1682 570 1727 si
601 1681 798 1728 celebra
819 1681 855 1725 il
876 1680 1082 1727 mistero
1114 1693 1208 1726 con
1239 1691 1433 1726 semma
1463 1681 1726 1728 esultanza
1756 1681 1810 1727 di
1841 1681 1978 1727 tutto
1998 1681 2036 1726 il
2057 1680 2258 1738 mond0‚
2355 1679 2359 1681 ’

365 1756 408 1800 si
440 1756 600 1814 degni
631 1755 901 1827 concedere
931 1769 962 1801 a
991 1755 1118 1801 tutti
1149 1755 1239 1801 noi.
1264 1754 1478 1800 l'eterno
1509 1754 1764 1812 Figliuolo
1810 1755 1863 1801 di
1913 1755 2006 1800 Dio
2033 1790 2047 1814 ‚
2099 1755 2137 1800 il
2178 1753 2263 1800 ‘Si-

368 1842 529 1887 gnore
560 1843 587 1876 e
617 1829 898 1876 Redentore
929 1829 1103 1875 nostro
1135 1828 1300 1875 Oristo
1330 1826 1465 1874 Gessi
1483 1862 1496 1886 ,
1529 1829 1566 1873 il
1599 1830 1750 1888 quale
1781 1830 1857 1875 col
1889 1829 2048 1875 Padre
2078 1841 2106 1876 e
2137 1827 2262 1875 collo

367 1903 553 1961 spirito
585 1905 758 1964 Saum,
794 1905 909 1951 vive
939 1917 966 1950 e
995 1916 1162 1963 regna
1194 1904 1328 1950 nella
1358 1902 1604 1961 perpetua
1626 1903 1860 1950 eternite.
1895 1903 2007 1950 Cosi
2037 1903 2137 1949 sia!

923 2639 1735 2793 --ss9>gg<Q1>-4
