2488 4290
442 325 532 387 2'96'

449 455 635 496 menta
673 445 1112 496 Christianorum
1151 442 1339 496 volens
1379 445 1665 510 providere
1719 427 1974 508 utilitati,
2037 430 2188 498 haud
2243 436 2355 500 me-

447 532 712 584 diocriter
772 531 1095 597 ampliavit,
1176 537 1229 581 et
1297 546 1434 596 quae
1496 532 1697 581 nostris
1760 531 2052 582 defuerunt
2111 534 2355 585 moribus

446 617 707 680 adiunxit,
753 619 831 668 ait
878 618 1112 668 Joannes
1151 616 1503 667 Trithemius.
1565 623 1661 654 ——'
1690 618 2027 684 Epiphanius
2068 619 2354 685 episcopus

444 703 749 755 Ticinensis
789 704 896 753 iam
939 703 1142 769 puerili
1197 708 1371 753 aetate
1434 703 1490 750 in
1550 709 1900 767 exceptorum
1938 718 2233 754 numerum
2272 719 2356 754 re-

2478 694 2488 779 ηιμ-ν.
2485 669 2488 682 ,.
2471 444 2488 658 *udaia-„uad
2474 300 2488 427 unu-mla}
2478 255 2488 280 .‘
2467 198 2469 232 ¹
2471 151 2475 166 Ἀ
2472 97 2479 107 ³'

446 789 589 839 latus
629 794 757 840 erat.
804 789 1098 854 Episcopus
1140 788 1464 851 CassianUS,
1527 788 1744 838 Brixina
1781 788 2048 839 in'Tiroli
2089 789 2354 855 profugus
2428 850 2431 854 Δ
2483 812 2488 861 ,5

443 874 647 925 Imolae
672 873 854 925 seculo
897 890 950 923 lv
988 888 1183 939 pueros
1210 878 1384 923 artem
1424 874 1670 938 docebat,
1714 874 1877 924 abiis
1920 889 2047 925 vero
2086 872 2353 938 stylorum

448 976 548 1027 ope
589 960 912 1011 interfectus
940 960 1118 1024 periit.
1150 958 1292 1025 Papa
1338 959 1626 1023 Gregorius
1646 959 1868 1023 Magnus
1887 976 2075 1011 versus
2100 959 2271 1011 seeuli
2303 964 2364 1011 vl.

446 1045 615 1097 finem
654 1062 766 1095 non
809 1050 1019 1095 tantum
1060 1046 1314 1095 dictando
1355 1046 1451 1096 sed
1491 1053 1542 1095 et
1599 1046 1817 1112 publice
1879 1046 2112 1096 dicendo
2173 1037 2355 1097 steno-

446 1132 684 1197 graphos
725 1132 1042 1197 occupabat.
1112 1131 1290 1181 Sancti
1347 1131 1493 1182 Neon
1555 1138 1606 1182 et
1662 1132 1881 1183 Turbon
1940 1139 2108 1183 artem
2149 1146 2357 1183 exerce-

443 1218 593 1282 bant,
637 1218 934 1283 Cyprianus
974 1224 1026 1267 et
1062 1216 1271 1279 Eligius
1310 1217 1478 1268 lexica
1516 1224 1777 1269 notarum
1833 1218 2046 1268 Tironis
2085 1216 2355 1282 conscrip-

444 1307 651 1366 serunt,
697 1303 745 1352 S.
791 1302 1118 1352 Anscharius
1147 1301 1330 1352 seculo
1377 1318 1427 1354 lx
1465 1309 1622 1353 notas
1661 1304 1719 1353 in
1761 1303 2014 1354 Sueciam
2058 1288 2357 1367 transplan-

445 1389 600 1453 tavit;
648 1404 758 1438 non
799 1388 984 1437 minus
1022 1388 1080 1437 iu
1120 1389 1348 1439 diversis
1390 1387 1643 1439 conciliis
1693 1388 2045 1453 stenographi
2086 1386 2377 1438 orationes

445 1480 498 1524 et
535 1474 930 1540 disputationes
971 1473 1310 1539 excipiebant
1354 1475 1467 1524 imo
1527 1480 1579 1525 et
1632 1497 1648 1518 «
1690 1475 1887 1525 notarii
1929 1472 2341 1524 ecclesiastici»

445 1559 896 1611 instituebantur.

527 1664 548 1691 «
578 1642 938 1695 Ulterioribus
977 1643 1191 1706 seculis
1237 1650 1362 1695 ante
1403 1661 1626 1696 omnem
1667 1647 1798 1696 artis
1837 1646 2125 1697 interitum
2165 1645 2357 1697 Clerici

449 1729 550 1782 soli
590 1729 772 1780 adhuc
831 1729 1012 1794 aliqua
1072 1730 1266 1781 saltem
1331 1737 1588 1781 notarum
1646 1732 1963 1794 cognitione
2021 1732 2202 1795 gravis
2238 1746 2357 1784 esse

443 1816 735 1877 videntur,
803 1831 974 1880 quum
1039 1817 1343 1879 generatim
1383 1816 1574 1868 literae
1634 1817 1857 1868 nonnisi
1899 1833 1929 1868 a
1968 1815 2181 1868 Clericis
2219 1817 2360 1868 cole-

451 1907 645 1952 rentur
650 1941 753 1953 .....
1064 1967 1071 1972 .

531 2009 549 2031 u
571 1987 935 2051 Manuscripta
960 1986 1175 2037 Tironis
1203 2002 1311 2036 non
1338 1992 1562 2049 exstant,
1609 1987 1704 2037 sed
1730 2002 1869 2051 quae
1897 1988 2043 2037 notis
2070 1987 2354 2038 tironianis

445 2078 661 2138 excepta
697 2072 1061 2122 inveniuntur
1087 2115 1098 2134 ‚
1144 2073 1542 2137 posterioribus
1592 2073 1928 2139 temporibus
1966 2074 2165 2138 scripta
2203 2079 2344 2135 sunt,

446 2164 509 2208 ut
548 2157 762 2208 diversa
801 2157 1108 2220 fragmenta
1151 2162 1479 2211 tractatuum
1503 2197 1518 2222 ,
1581 2159 2011 2218 commentaria,
2068 2157 2346 2224 psalteria,

446 2244 696 2303 codiceS‚
760 2242 928 2293 lexica
986 2249 1038 2293 et
1094 2244 1172 2293 sic
1210 2258 1387 2309 porro,
1454 2244 1732 2306 Exegesim
1772 2249 2028 2294 notarum
2067 2242 2356 2294 indefessis

442 2327 725 2379 laboribus
764 2326 982 2378 Gruteri
1022 2325 1234 2397 (1503),
1302 2329 1526 2379 Joannis
1583 2327 1869 2378 Trithemii
1926 2325 1986 2398 (ἦ
2028 2327 2177 2388 1515)
2217 2327 2355 2379 alio-

444 2429 682 2478 rumque
722 2414 968 2464 virorum
1011 2413 1299 2464 doctorum
1340 2414 1631 2478 debemus;
1676 2415 1774 2478 qui
1811 2429 1938 2464 vero
1976 2413 2217 2463 studium
2259 2428 2358 2476 noe

446 2506 625 2548 tarum
665 2500 883 2564 penitus
921 2498 1038 2548 vult
1088 2499 1376 2550 exhaurire
1399 2541 1410 2560 ,
1469 2518 1488 2545 «
1527 2499 2000 2565 Tachygraphiam
2038 2503 2294 2549 veterum
2315 2520 2339 2542 -υ

445 2600 475 2634 a
515 2584 870 2635 celeberrimo
909 2584 963 2634 D.
1015 2585 1118 2634 Ulr.
1164 2571 1306 2634 Frid.
1352 2585 1505 2650 Kopp
1551 2590 1824 2635 exaratam
1856 2582 2183 2648 perlustret,
2248 2588 2357 2648 qua'

445 2668 526 2718 nil
554 2669 846 2734 perfectius
871 2670 927 2719 in
956 2669 1064 2719 hoc
1100 2669 1390 2720 literarum
1411 2675 1619 2734 'genere
1658 2662 1839 2734 neque
1878 2670 2002 2734 suit,
2047 2683 2226 2734 neque
2255 2669 2366 2719 est.'

492 2820 496 2823 .
529 2755 863 2818 «Postquam
889 2761 1050 2806 not-ae
1077 2755 1423 2817 Tironianae‚
1452 2763 1515 2805 ut
1538 2756 1615 2805 ita
1637 2756 1905 2817 dicamus,
1932 2755 2352 2820 praeterierunt,

447 2840 512 2890 de
573 2856 679 2890 usu
718 2840 1134 2905 stenographiae
1174 2840 1412 2905 latinae,
1467 2847 1529 2890 ut
1567 2841 1632 2890 de
1672 2838 1768 2891 illo
1808 2839 2356 2912 stenographiaege-

442 2926 677 2975 neratim
716 2941 746 2974 a
784 2924 967 2976 seculo
1006 2942 1057 2975 xt
1098 2941 1272 2990 usque
1313 2927 1377 2976 ad
1418 2943 1505 2977 xvi
1546 2926 1626 2977 nil
1667 2926 1803 2977 certi
1841 2927 1908 2976 ad
1947 2941 2046 2976 nos
2083 2925 2348 2992 pervenit,

444 3016 496 3060 et
534 3009 758 3059 nonnisi
796 3011 1143 3062 coniecturas
1182 3011 1354 3062 facere
1394 3011 1614 3072 liceret,
1658 3012 1860 3076 quibus
1897 3009 2141 3062 libenter*
2173 3025 2357 3076 super-

437 3095 704 3146 sedemus.
750 3095 1123 3146 Dubitandum
1162 3112 1274 3147 non
1316 3084 1430 3161 est,
1458 3098 1594 3161 quin
1633 3113 1772 3162 quae
1819 3096 2144 3160 legebantur
2168 3111 2200 3147 a
2225 3095 2356 3146 viris

444 3180 613 3230 doctis
653 3186 707 3230 et
743 3173 1144 3232 professoribus
1181 3181 1237 3231 in
1279 3181 1563 3232 literarum
1603 3182 2053 3234 universitatibus
2108 3197 2140 3231 a
2194 3180 2357 3232 disci-

437 3263 587 3329 pulis
629 3269 848 3329 excepta
885 3266 1008 3326 sint,
1055 3281 1167 3330 quo
1207 3280 1332 3316 vero
1374 3267 1558 3330 modo,
1605 3283 1712 3332 quo
1753 3264 2070 3332 systemate,
2125 3254 2354 3316 omnino

440 3347 599 3400 latet.

517 3439 537 3480 ἀ
561 3434 993 3497 Succedentibus
1021 3438 1223 3487 seculis
1250 3439 1550 3503 Britannia,
1593 3444 1948 3504 systematum
1977 3425 2358 3503 stenographi-

436 3533 626 3570 corum
664 3518 1088 3573 vernaculorum
1152 3523 1531 3589 fertilissima,
1602 3514 1746 3574 inter
1811 3527 2049 3575 caeteras
2112 3520 2354 3588 Europae

2478 3926 2488 3985 ..m-2.
2472 3910 2488 3918 Σ.
2471 3894 2488 3902 ‚¹-
2443 3806 2488 3885 &mxl-2
2471 3768 2488 3798 ¹22.
2481 3713 2488 3752 ...n
2476 3696 2488 3707 s,
2474 3668 2488 3688 .’-,
2470 3650 2488 3662 a't
2486 3619 2488 3628 -
2480 3602 2488 3611 Ἄ
2479 3571 2488 3595 π.
2468 3499 2488 3563 *Lu-‘1
2475 3485 2488 3493 b
