2488 4290
331 347 422 397 332

402 457 703 519 Antequam
742 469 868 506 vero
910 454 1130 506 dicendi
1171 455 1340 507 finem
1386 454 1652 506 faciamus
1710 455 1874 509 Nobis
1922 459 2236 523 temperare

333 554 445 592 non
484 556 791 607 possumus,
824 542 959 606 quin
986 542 1187 592 iterum
1218 547 1477 592 testemur
1504 547 1558 591 et
1582 540 1996 608 confirmemuS,
2020 558 2237 595 summa

333 627 439 678 Nos
481 627 563 677 uti
603 626 994 689 consolatione,
1042 627 1174 676 dum
1225 626 1620 677 iucundissimo
1673 626 1930 679 Vestrum
1982 619 2252 680 omnium

334 719 624 779 conspectu
662 712 920 774 fruimur,
967 711 1311 763 Venerabiles
1347 712 1570 773 FratreS,
1616 714 1711 778 qui
1750 719 1900 764 tanta
1939 714 2062 776 fide,
2120 715 2234 782 pie-

334 804 442 850 tate
482 800 548 850 ed
587 799 930 849 observantia
967 797 1129 849 Nobis
1170 802 1222 847 et
1264 797 1397 847 huic
1452 797 1595 848 Petri
1653 797 1949 850 cathedrae
2005 799 2237 851 firmiter

332 885 596 949 obstricti,
641 899 702 935 ac
741 883 1110 938 ministerium
1150 882 1405 934 Vestrum
1457 882 1763 950 implenteS,
1828 885 2093 936 maiorem
2142 886 2235 936 Dei

330 970 564 1033 gloriam
604 977 656 1022 et
694 971 1007 1021 animarum
1046 968 1280 1019 salutem
1332 969 1483 1018 omni
1539 969 1720 1020 studio
1778 985 2068 1037 procurare
2125 969 2236 1036 glo-

329 1057 583 1117 riamini,
644 1057 848 1121 quique
901 1054 1339 1112 concordissimis
1395 1055 1637 1120 animis,
1699 1062 1859 1121 atque
1917 1057 2233 1109 admirabili

327 1157 458 1194 sane
499 1157 628 1193 cura
668 1148 719 1192 et
756 1156 959 1204 amore,
1007 1156 1117 1191 una
1159 1155 1282 1190 cum
1322 1139 1446 1191 aliis
1494 1140 1919 1193 Venerabilibus
1961 1143 2234 1197 Fratribus

328 1228 495 1278 totius
534 1227 792 1278 catholici
834 1227 981 1278 orbis
1019 1226 1295 1292 Episcopis
1323 1231 1376 1276 et
1402 1224 1658 1278 fidelibus
1683 1226 1900 1279 Vestrae
1929 1233 1982 1279 et
2009 1227 2233 1285 illorum

329 1330 488 1365 curae
531 1313 853 1378 commissis,
898 1313 1246 1377 gravissimas
1283 1313 1497 1365 Nostras
1524 1304 1800 1378 angustias
1828 1321 1880 1364 et
1913 1315 2233 1367 acerbitates

329 1400 505 1452 modis
545 1400 799 1451 omnibus
838 1399 1010 1450 lenire
1057 1406 1109 1449 et
1159 1398 1440 1450 sublevare
1486 1414 1596 1449 non
1652 1399 1914 1450 desinitis.
1972 1400 2236 1460 Quocirca

303 1487 432 1538 -hac
471 1486 634 1537 etiam
673 1486 956 1537 occasione
996 1485 1362 1536 amantissimi
1402 1500 1573 1549 aeque
1613 1501 1674 1535 ac
1721 1485 2019 1549 gratissimi
2059 1486 2233 1536 animi

332 1573 510 1624 Nostri
552 1587 745 1622 sensus
785 1587 909 1636 erga
944 1570 1063 1632 Vos,
1109 1571 1173 1622 et‘
1197 1569 1330 1621 alios
1370 1585 1563 1622 omues
1604 1568 1954 1622 Venerabiles
2001 1572 2252 1636 FratreS,'

329 1666 382 1711 et
418 1659 564 1724 ipsos
602 1655 790 1708 fideles
827 1656 1181 1723 amplissimis
1229 1656 1412 1709 verbis
1463 1657 1648 1724 palam
1693 1656 2014 1723 publiceque
2067 1655 2233 1722 profi-

330 1753 526 1796 temur.
571 1744 611 1794 A
647 1743 813 1795 Vobis
852 1751 1036 1794 autem
1077 1743 1432 1810 exposcimus,
1477 1749 1536 1793 ut
1586 1759 1714 1794 cum
1767 1744 1833 1794 ad
1884 1742 2097 1794 Vestras
2152 1758 2233 1794 re-

327 1831 538 1882 dieritis
576 1831 858 1882 Dioeceses
895 1829 1073 1880 velitis
1113 1830 1320 1882 eisdem
1359 1828 1615 1881 fidelibus
1652 1829 1869 1880 Vestrae
1906 1829 2234 1892 vigilantiae

329 1916 657 1968 concreditis
696 1916 796 1967 hos
836 1916 1009 1966 animi
1035 1915 1214 1967 Nostri
1240 1931 1434 1967 sensus
1460 1915 1649 1967 Nostro
1678 1915 1903 1966 nomine
1947 1915 2223 1978 nuntiare,

324 2002 554 2068 illosque
594 2003 847 2054 certiores
885 2002 1065 2054 facere
1103 2003 1169 2053 de
1207 2008 1433 2068 paterna
1471 2002 1661 2054 Nostra
1698 2002 1756 2052 in
1807 2000 1935 2053 illos
1986 2001 2226 2066 caritate,

326 2090 500 2156 deque
538 2089 841 2155 Apostolica
877 2088 1279 2153 Benedictione,
1323 2103 1491 2154 quam
1531 2104 1591 2139 ex
1642 2088 1840 2139 intimo
1893 2088 2057 2139 corde
2110 2103 2230 2156 pro·
2269 2147 2274 2155 ,

384 2303 552 2350 Prima
598 2303 680 2361 poi
729 2302 778 2349 di
826 2304 902 2349 far
934 2303 1035 2349 fine
1058 2304 1116 2348 tal
1148 2303 1321 2350 nostro
1365 2302 1489 2361 dire,
1524 2315 1627 2349 non
1658 2303 1907 2361 possiamo
1937 2301 2254 2351 contenerci-

325 2378 688 2425 dall’attestare
722 2378 773 2424 di
805 2378 885 2425 bel
907 2390 1077 2424 nuovo
1099 2390 1126 2425 e
1149 2378 1459 2425 riaffermare
1490 2378 1539 2422 la
1571 2388 1767 2424 somma
1796 2377 1977 2426 Nostra
2007 2377 2230 2424 consola-

323 2454 483 2512 zione‚
516 2454 599 2499 nel
630 2454 789 2512 goder
821 2452 914 2499 che
945 2452 1188 2499 facciamo
1219 2452 1348 2498 della
1380 2450 1552 2498 vostra
1582 2463 1841 2510 presenza‚
1876 2463 1904 2497 o
1938 2450 2227 2498 Venerabili

324 2526 560 2586 Fratelli;
593 2527 610 2572 i
642 2527 782 2587 quali
812 2526 1144 2573 fermamente
1175 2525 1342 2572 stretti
1374 2526 1425 2571 di
1456 2524 1497 2571 si
1531 2537 1666 2582 gran
1697 2525 1806 2571 fede
1839 2538 1865 2572 e
1896 2524 2033 2583 pieta
2063 2524 2125 2572 ed
2155 2536 2230 2571 os-

324 2614 572 2649 servanza
603 2614 633 2647 a
665 2601 757 2648 Noi
789 2614 815 2648 e
845 2613 876 2646 a
909 2601 1089 2660 questa
1120 2600 1358 2646 Cattedra
1390 2600 1441 2646 di
1462 2599 1645 2653 PietrO,
1670 2611 1696 2645 e
1718 2599 2014 2657 compiendo
2035 2611 2066 2644 a
2085 2610 2230 2657 mag-

324 2676 439 2735 gior
471 2676 637 2734 gloria
668 2676 719 2722 di
750 2676 841 2721 Dio
872 2675 907 2720 il
941 2675 1109 2721 vostro
1140 2673 1429 2733 minister0‚-
1446 2674 1499 2719 vi
1521 2674 1739 2732 gloriate
1761 2674 1811 2719 di
1842 2685 2112 2731 procurare
2133 2685 2228 2722 con

325 2750 451 2808 ogni
482 2750 649 2796 studio
679 2751 729 2796 la
759 2749 920 2796 salute
954 2750 1078 2796 delle
1110 2749 1297 2807 anime,
1331 2761 1357 2794 e
1390 2748 1771 2796 concordissimi
1803 2748 1854 2793 di
1887 2747 2045 2795 affetti
2075 2760 2102 2794 e
2134 2760 2229 2795 con

326 2823 612 2871 ammirabil
644 2836 767 2870 cura
797 2823 859 2869 ed
890 2835 1060 2870 amore
1089 2822 1301 2869 insieme
1334 2822 1469 2881 cog-li
1517 2822 1632 2868 altri
1679 2822 1968 2868 Venerabili
2006 2821 2226 2880 Frate-elli,

322 2898 536 2946 Vescovi
569 2898 618 2944 di
649 2897 785 2944 tutto
817 2897 975 2944 l'orbe
1007 2897 1258 2956 cattolico‚
1292 2910 1318 2943 e
1351 2897 1425 2943 coi
1457 2897 1603 2944 fedeli
1636 2896 2026 2944 commessi·alle
2058 2894 2225 2943 vostre

314 2965 350 3020 'e
379 2974 485 3020 loro
516 2985 653 3032 cure,
687 2985 791 3019 non
824 2971 1015 3019 cessate
1064 2972 1115 3018 di
1162 2972 1320 3019 lenire
1352 2984 1379 3018 e
1411 2972 1656 3018 sollevare
1702 2984 1791 3030 per
1841 2970 1968 3030 ogni
1999 2970 2151 3030 gulsa.
2179 2971 2227 3016 le

323 3048 495 3095 nostre
525 3046 829 3106 gravissime
861 3046 1086 3093 acerbita
1117 3047 1179 3093 ed
1210 3058 1450 3104 angosce.
1486 3046 1580 3093 Per
1610 3047 1660 3092 la
1692 3046 1812 3106 qual
1834 3057 1965 3105 cosa,
1990 3044 2152 3092 anche
2169 3043 2226 3090 in

323 3121 502 3181 questa
545 3121 827 3182 occasione,
875 3134 903 3167 o
947 3120 1235 3167 Venerabili
1275 3120 1498 3178 Fratelli‚
1534 3132 1630 3167 con
1662 3119 1969 3179 amplissime
1999 3120 2170 3177 parole
2199 3130 2226 3165 e

321 3194 732 3254 pubblicamente
768 3194 1089 3252 professiamo
1121 3194 1138 3239 i
1169 3194 1304 3241 sensi
1344 3193 1821 3240 dell'amantissimo
1874 3205 1900 3239 e
1931 3193 2223 3251 gratissimo

323 3270 493 3316 animo
525 3269 699 3315 nostro
732 3280 877 3315 verso
910 3268 961 3313 di
992 3268 1092 3326 voi,
1128 3268 1207 3315 dei
1238 3267 1397 3314 vostri
1430 3263 1651 3326 colleghi
1683 3280 1709 3314 e
1732 3267 1782 3314 di
1806 3266 1931 3313 tutti
1961 3265 2225 3314 eziandioi

322 3344 482 3391 fedeli.
525 3346 600 3390 Da
630 3343 712 3390 voi
742 3343 825 3401 poi
855 3342 1135 3389 chiediamo
1168 3342 1260 3389 che
1291 3343 1495 3402 quando
1528 3341 1691 3389 sarete
1720 3341 1911 3388 tornati
1943 3342 2037 3387 alle
2058 3339 2225 3389 vostre

323 3418 525 3477 diocesi,
549 3416 774 3476 vogliate
795 3416 843 3462 ai
864 3416 1026 3475 fedeli,
1051 3415 1243 3461 affidati
1266 3417 1365 3462 alla
1398 3416 1571 3463 vostra
1601 3415 1878 3474 vigilanza‚
1901 3413 2223 3480 manifestare
2258 3408 2262 3413 ’

321 3493 376 3538 in
424 3505 574 3539 nome
619 3491 799 3538 Nostro
846 3490 1012 3550 questi
1059 3490 1354 3536 sentimenti
1387 3491 1465 3537 del
1503 3490 1683 3538 Nostro
1727 3490 1912 3548 animo,
1946 3502 1973 3535 e
2004 3488 2224 3534 renderli

324 3566 447 3614 certi
480 3566 559 3614 del
589 3565 766 3614 Nostro
798 3565 1010 3624 paterno
1044 3576 1214 3612 amore
1249 3576 1337 3622 per
1368 3565 1492 3623 lore,
1525 3577 1552 3611 e
1584 3564 1712 3612 della
1752 3563 2024 3629 apostolica
2067 3561 2223 3611 Bene-
