2488 4290
438 371 529 420 162

438 479 690 530 virorum
726 469 942 528 ardenti
981 490 1182 538 amore,
1229 479 1282 527 et
1318 474 1537 541 piarum
1584 475 1896 527 animarum
1934 477 2343 542 supernaturali

443 563 723 626 instinctu,
770 570 822 614 et
858 562 1134 614 Romanae
1178 558 1461 623 Ecclesiae,
1518 560 1772 611 omnium
1825 559 2180 613 Ecclesiarum
2234 574 2351 615 ma··

442 650 654 714 gistrae,
697 647 1085 700 traditionibus
1122 641 1425 696 innititur?

515 735 666 796 Quod
704 747 866 800 porro
906 732 966 781 in
1005 731 1196 783 mortis
1233 730 1374 782 hora
1412 744 1514 782 nos
1553 731 1791 784 facturos
1831 733 1997 784 fuisse
2037 734 2339 800 cupiemuS,
2423 771 2428 774 -

445 823 502 872 id
542 835 692 872 nunc
729 820 906 870 facere
945 831 1163 868 necesse
1202 821 1296 867 est.

515 908 597 957 lV.
643 907 860 969 Quart0,
903 901 1300 970 prospiciamus
1337 903 1559 968 quando
1597 918 1697 970 pro
1736 905 1931 956 Christi
1974 905 2232 959 tribunali
2258 907 2348 958 iu-

443 992 661 1047 dicandi
700 991 976 1054 sistemuS,
1015 1003 1126 1053 quo
1166 986 1270 1039 hac
1307 988 1366 1037 in
1404 1003 1463 1040 re
1503 989 1737 1041 consilio
1788 1006 1917 1042 usos
1954 1005 2054 1043 nos
2089 1006 2200 1044 esse
2236 993 2353 1046 vel-

445 1075 665 1134 lemus?
1750 1085 1769 1089 ⁴
1850 1094 1859 1098 “

514 1165 791 1218 Licebitne
831 1165 1012 1215 conam
1053 1163 1158 1216 hoc
1217 1163 1476 1215 tribunali
1533 1162 1784 1230 publicae
1835 1165 2113 1232 opinionis
2159 1166 2347 1218 suffra-

448 1253 602 1318 gium
639 1250 896 1302 invocare
919 1252 942 1300 ‘l
978 1250 1256 1301 Licebitne
1281 1250 1655 1301 humanarum
1681 1255 2015 1316 potestatum
2041 1250 2206 1303 minis
2234 1256 2349 1305 tan-

447 1342 556 1389 tam
594 1338 709 1388 vim
753 1335 999 1386 tribuere
1046 1329 1231 1387 coram
1275 1350 1338 1387 eo
1388 1335 1482 1400 qui
1529 1335 1641 1387 suis
1690 1335 1971 1402 discipulis
2027 1336 2349 1390 huiusmodi

446 1425 624 1475 minas
662 1423 854 1475 timere
880 1421 1209 1489 prohibuit?
1249 1421 1458 1481 Quanta
1484 1438 1513 1474 e
1541 1423 1813 1475 contrario
1840 1421 2065 1475 illorum
2091 1425 2349 1493 securitas

447 1511 554 1563 erit
588 1510 685 1575 qui
724 1508 938 1560 Christo
982 1508 1165 1559 testari
1204 1513 1464 1573 poterunt
1499 1524 1555 1560 se
1593 1509 1652 1559 in
1688 1508 1813 1560 Eius
1856 1510 2020 1562 verbo
2070 1525 2167 1561 sua
2211 1497 2349 1561 retia

446 1597 684 1661 laxasse;
730 1609 971 1661 cumque
1010 1595 1130 1660 ipse
1168 1594 1391 1645 Petrum
1430 1593 1579 1646 velut
1613 1594 1883 1646 Ecclesiae
1919 1597 2348 1648 fundamentum

446 1696 542 1733 sua
580 1695 749 1732 manu
786 1674 1051 1742 statuerit,
1096 1694 1334 1746 eumque
1359 1695 1486 1732 suos
1525 1680 1714 1732 fratres
1741 1680 2067 1734 confirmare
2105 1682 2343 1748 iusserit,
2389 1728 2404 1734 ,

444 1768 578 1820 huic
615 1765 892 1819 immobili
930 1767 1118 1833 Petrae
1155 1766 1215 1817 in
1265 1766 1536 1832 praesenti
1580 1767 1820 1834 procella
1866 1766 2100 1820 firmiter
2148 1763 2360 1823 adhae-'

447 1857 631 1918 serint,
679 1858 731 1905 et
768 1853 828 1904 in
865 1853 1239 1906 doctrinarum
1281 1853 1538 1905 conflictu
1593 1869 1714 1905 eam
1769 1860 1980 1921 partem
2039 1859 2385 1925 constanter·

447 1944 880 2007 anteposuerunt
917 1954 1057 2006 quae
1097 1954 1224 1991 cum
1259 1939 1413 1991 Petro
1453 1939 1747 1991 coniuncta
1786 1936 1891 1992 estl

516 2027 624 2077 Hos
662 2041 792 2077 sane
832 2025 1070 2077 Christus
1107 2027 1367 2077 damnare
1406 2041 1514 2077 non
1559 2029 1735 2091 posset
1770 2026 1880 2076 nisi
1921 2026 2166 2092 seipsum
2193 2028 2346 2094 prius

449 2114 757 2176 damnaret,
782 2123 883 2161 nec
907 2109 1097 2161 minus
1125 2111 1254 2162 certi
1285 2113 1414 2160 sunt
1439 2124 1495 2162 se
1522 2124 1647 2161 cum
1673 2110 1903 2162 Domino
1930 2125 2044 2163 esse
2071 2126 2240 2178 quam
2265 2111 2348 2164 di-

445 2199 579 2250 vino
604 2197 768 2250 verbo
810 2196 944 2250 certi
980 2200 1109 2248 sunt
1146 2195 1427 2252 Christum
1464 2210 1591 2248 cum
1631 2196 1784 2247 Petro
1825 2200 1878 2247 et
1915 2196 2187 2266 Episcopis
2221 2212 2349 2250 cum

445 2287 562 2351 ipso
602 2284 908 2338 coniunctis
946 2296 1099 2348 usque
1136 2281 1205 2334 ad
1239 2282 1430 2334 saeculi
1462 2282 1926 2335 consummationem
1955 2280 2217 2346 suturam.

1061 2907 1736 3041 ἐρεῷ-ε
