2488 4290
0 3779 34 4179 *1.4....s

1965 293 2055 357 245

153 412 406 487 Graecia,
471 422 567 475 ubi
607 436 732 474 cum
772 420 1024 472 Cicerone
1065 414 1412 484 aliquamdiu
1450 414 1712 480 degebat,
1769 414 2056 481 principiis

139 507 562 576 tachygraphiae
601 521 824 572 graecae
863 504 1108 557 imbutus
1147 507 1239 554 est.
1300 502 1493 554 Postea
1531 500 1763 552 domum
1801 514 2048 551 reversus

136 611 342 649 novum
379 598 618 661 systema
655 598 912 644 notarum
952 589 1199 643 sermoni
1263 586 1439 655 patrio
1505 585 1926 639 accomodatum
1966 584 2053 636 in-

134 683 296 745 venit,
337 680 487 747 quod
525 680 755 732 nomine
793 678 1054 730 Notarwm
1096 675 1494 727 Tironianarum
1528 671 1883 736 celebratum,
1933 670 2054 721 ubi-

7 764 10 766 ’
46 796 49 798 ·
133 782 368 835 cumque
407 766 600 830 lingua
637 764 810 817 latina
850 766 1162 824 utebantur,
1206 777 1306 830 per
1342 762 1534 815 decem
1571 757 1882 812 seculorum
1929 771 2054 823 spa-

133 853 270 906 tium
332 852 735 903 dominabatur.
817 853 887 902 De
962 850 1070 901 hoc
1145 854 1437 915 systemate
1498 847 1667 900 etiam
1728 843 2053 911 Vipsanium

38 927 43 932 ’
130 938 535 1004 Philargyrum,
569 934 831 1003 libertum
857 935 917 988 M.
953 935 1268 1002 Vespasiani
1294 935 1562 1000 Agrippae
1588 931 1648 1004 (ἦ-
1677 933 1798 984 13a.
1827 930 1949 982 Chr.
1972 940 2053 1012 n.)

131 1029 185 1078 et
219 1021 473 1089 Aquilam
511 1020 775 1074 libertum
814 1021 978 1074 Cilnii
1017 1020 1336 1073 Maecenatis
1375 1017 1431 1091 (ἦ-
1491 1020 1521 1072 8
1574 1035 1620 1071 a.
1673 1019 1795 1071 Chr.
1843 1016 1922 1087 n.)
1960 1029 2056 1081 op-

131 1110 266 1162 time
305 1109 532 1160 meritos
572 1123 687 1160 esse
726 1114 949 1171 constat,
994 1107 1163 1174 idque
1204 1107 1438 1169 Seneca,
1484 1106 1874 1171 grammaticus
1923 1102 2052 1171 qui-

39 1196 47 1205 “
130 1194 258 1247 dam
295 1194 468 1246 seculi
507 1194 754 1257 secundi,
799 1194 979 1259 magis
1019 1192 1322 1244 excoluisse
1349 1191 1688 1260 perhibetur.

213 1303 232 1326 ι
258 1279 327 1332 lis
367 1280 708 1347 temporibus
744 1279 1136 1346 stenographia
1174 1278 1426 1329 eamdem
1450 1293 1512 1330 ac
1534 1277 1823 1330 hodiernis
1859 1275 2050 1331 diebus

130 1366 360 1418 navabat
421 1380 677 1432 operam,
747 1371 861 1416 tam
912 1365 971 1415 in
1009 1364 1121 1416 vita
1160 1363 1382 1430 publica
1418 1378 1583 1428 quam
1624 1363 1866 1431 privata;
1937 1378 2050 1415 una

39 1510 49 1514 ,
130 1451 278 1504 enim
317 1466 377 1503 ex
415 1457 567 1520 parte
606 1451 667 1502 in
706 1450 844 1516 for0,
888 1451 948 1501 in
989 1451 1259 1513 comitiiS,
1316 1450 1373 1500 in
1414 1449 1635 1500 iudiciis
1674 1464 1846 1514 aeque
1887 1465 1952 1502 ao
1989 1450 2047 1500 in

132 1535 351 1604 templis
390 1543 443 1589 et
481 1536 834 1604 paedagogiis
874 1537 932 1587 in
971 1551 1077 1588 usu
1116 1541 1249 1598 erat,
1296 1533 1467 1587 altera
1506 1550 1567 1586 ex
1593 1542 1748 1603 parte
1786 1537 1968 1586 studia
1993 1543 2047 1588 et

30 1625 38 1632 ⁴
79 1671 83 1675 ,
128 1621 339 1676 labores
398 1623 726 1692 scriptorum
782 1638 1080 1690 rerumque
1143 1619 1494 1689 publicarum
1534 1621 2045 1674 administratorum

129 1707 361 1773 fovebat,
392 1724 630 1776 quorum
658 1708 841 1778 plures
869 1711 1004 1763 etin
1028 1710 1320 1762 itineribus
1347 1707 1741 1775 stenographos
1769 1706 2047 1778 (notarios)

130 1795 355 1848 comites
394 1811 584 1849 secum
623 1796 838 1849 duxisse
876 1795 1143 1848 feruntur.
1189 1793 1491 1846 Commoda
1519 1810 1582 1847 ex
1616 1810 1723 1846 usu
1762 1802 2045 1862 stenogra·

128 1878 291 1946 phiae
330 1881 540 1933 oritura
581 1887 712 1933 tunc
750 1881 1010 1948 temporis
1036 1889 1183 1935 recte
1223 1884 1717 1949 cognoscebantur,
1760 1884 1837 1935 ita
1875 1889 1938 1934 ut
1975 1897 2044 1933 ne

131 1967 487 2033 imperatores
527 1967 754 2035 quidem
793 1982 914 2020 eam
952 1967 1231 2021 addiscere
1272 1976 1611 2035 recusarent,
1655 1971 1812 2036 eique
1851 1983 2045 2037 propa-

127 2052 334 2115 gandae
371 2052 632 2119 scholae,
692 2068 896 2118 magno
954 2069 1192 2106 numero
1247 2069 1345 2122 per
1407 2055 1707 2122 imperium
1746 2069 2041 2107 romanum

128 2136 419 2204 dispersae,
467 2139 839 2192 consulerent.

211 2242 232 2271 α
257 2222 389 2276 Cum
430 2240 515 2278 res
552 2225 778 2292 publica
825 2241 1058 2279 romana
1081 2227 1420 2294 pedetentim
1458 2229 1515 2280 in
1555 2230 1712 2297 peius
1750 2234 1955 2300 rueret,
1987 2235 2043 2281 et

129 2305 441 2374 eloquentia
479 2311 733 2363 arctiores
772 2311 831 2362 in
869 2309 1077 2364 limites
1116 2313 1492 2379 detineretur,
1539 2313 1937 2382 stenogr'aphia
1973 2314 2042 2366 ad

127 2391 243 2445 sola
278 2393 392 2447 sere
431 2399 551 2447 acta
585 2397 853 2449 indit-iulia
888 2399 1155 2466 restricta,
1197 2415 1595 2468 progressuque
1640 2403 1900 2468 temporis
1938 2401 2043 2456 No-

130 2483 214 2532 tae
250 2478 578 2535 Tironianae
618 2482 886 2550 paulatim
926 2485 1192 2538 oblivioni
1231 2486 1464 2539 traditae
1493 2495 1546 2539 et
1583 2503 1710 2539 cum
1750 2488 2038 2540 literarum

124 2565 304 2618 studia
340 2567 548 2636 ubique
590 2571 729 2622 tristi
766 2570 877 2623 fato
914 2573 1366 2639 succumberent,
1411 2574 1632 2626 tandem
1666 2574 1852 2626 seculo
1878 2591 1930 2625 xt
1973 2575 2039 2626 de

30 2647 43 2691 l
126 2653 394 2705 memoria
432 2655 661 2707 omnino
703 2656 952 2710 sublatae
992 2664 1137 2710 sunt.

203 2758 229 2784 -α
256 2739 481 2792 Interim
520 2757 681 2794 usum
722 2748 982 2795 notarum
1019 2745 1130 2797 iam
1172 2746 1367 2813 primis
1406 2747 1674 2800 Ecclesiae
1701 2747 2036 2800 christianae

126 2827 321 2880 seculis
359 2829 506 2881 inter
542 2829 878 2882 Christianos
935 2831 1231 2885 invaluisse
1290 2823 1697 2899 cognovimus,
1755 2835 1903 2901 quod
1943 2834 2040 2886 ali-

127 2913 326 2982 quibus
365 2914 630 2982 exemplis
667 2915 1082 2970 illustrabimus
1128 2919 1278 2971 Inter
1301 2927 1510 2972 veteres
1537 2921 1826 2986 scriptores
1851 2935 2037 2972 rerum

35 3067 40 3074 .
127 2992 627 3053 ecclesiasticarum
666 3002 968 3067 Origenem,
1012 3003 1403 3057 Hieronimum
1442 3011 1495 3057 et
1518 3006 1890 3071 Augustinum
1916 3020 2038 3074 pro-

126 3086 260 3151 priis
293 3086 677 3154 stenographis
715 3103 844 3140 usos
882 3101 998 3140 esse
1036 3094 1268 3155 constat,
1313 3089 1763 3156 Chrysostomum
1792 3091 2035 3156 cognitio
2069 3122 2073 3125 -

127 3176 382 3223 notarum
421 3187 534 3223 uon
573 3170 836 3237 fugiebat.
883 3171 1077 3225 Seculo
1120 3175 1278 3226 tertio
1315 3175 1587 3228 Fabianus
1620 3176 1760 3243 Papa
1796 3175 1885 3228 VII
1910 3177 2037 3229 sub·

127 3251 382 3308 diaconos
419 3257 681 3309 notarios*
703 3258 1007 3324 constituit,
1047 3259 1146 3325 qui
1187 3260 1387 3327 partim
1425 3277 1514 3313 res
1551 3267 1728 3326 gestas
1754 3267 1806 3314 et
1844 3275 2035 3313 causas

127 3345 431 3406 martyrum
460 3343 778 3408 aequalium
806 3343 1121 3411 exciperent,
1165 3347 1366 3413 partim
1393 3347 1573 3414 priora
1592 3351 1711 3399 acta
1737 3347 2034 3412 Martyrum

57 3424 61 3431 ‘
128 3426 271 3477 notis
304 3427 516 3492 signata
564 3436 1040 3497 perscrutarentur
1095 3436 1150 3483 et
1188 3430 1529 3499 colligerent.
1575 3433 1883 3501 Cyprianus
1922 3431 2035 3499 epi-

130 3524 325 3580 scopus
364 3513 805 3578 Carthaginensis
860 3518 977 3584 ipsa
1032 3516 1415 3571 Ciceronianae
1467 3521 1832 3575 institutionis
1871 3519 2035 3572 docu—
