2488 4290
446 278 534 326 146

510 385 723 437 Praeter
761 385 861 438 hos
899 384 1166 438 hactenus
1204 387 1518 453 recensitoS,
1566 402 1656 440 eos
1693 402 1909 454 quoque
1965 404 2100 456 quos
2155 389 2342 444 Sacro·

441 477 690 527 sanctum
727 472 1031 524 Concilium
1068 473 1465 535 Tridentinum,
1509 458 1630 524 sive‘
1657 479 1923 527 reservata
1962 492 2178 529 summo
2202 478 2342 531 Pon-

446 557 577 611 tifici
614 564 708 610 aut
763 558 1056 610 ordinariis
1114 559 1488 621 absolutione,
1552 560 1662 611 sive
1699 561 1899 627 absque
1952 561 2068 614 ulla
2103 578 2343 617 reserva-

450 646 595 696 tione
634 645 1143 710 excommunicavit,
1185 645 1286 695 Nos
1324 645 1524 709 pariter
1559 645 1636 695 ita
1690 648 2184 703 excommunicatos
2221 665 2338 704 esse

449 729 818 795 declaramus;
864 736 1078 796 excepta
1115 729 1476 780 anathematis
1514 745 1689 796 poena
1724 731 1783 781 in
1819 733 2039 785 Decreto
2077 732 2210 787 Sess.
2253 734 2335 798 IV,

446 820 512 868 De
564 818 771 867 editione
826 825 868 866 et
921 832 1020 866 usu
1076 817 1342 866 Sacrorum
1398 817 1654 867 Librorum
1709 819 2036 882 constituta,
2082 821 2167 871 cui
2218 819 2344 873 illos

451 907 663 954 tantum
731 902 1006 954 subiacere
1067 900 1358 964 volumus,
1427 902 1522 967 qui
1582 900 1749 955 libros
1817 904 1884 956 de
1943 906 2106 958 rebus
2177 907 2345 959 sacris

453 994 739 1040 tractantes
760 989 875 1039 sine
904 987 1168 1038 Ordinarii
1195 988 1582 1054 approbatione
1608 990 1951 1056 imprimunt,
1984 998 2078 1043 aut
2103 992 2346 1060 imprimi

450 1074 674 1125 faciunt.

560 1221 906 1284 Suspensiones
945 1222 1069 1270 tatae
1104 1223 1371 1271 sentent-iae
1409 1222 1608 1271 Summo
1655 1221 1885 1284 Pontifici
1922 1232 2207 1275 reservatae.

528 1337 571 1386 1.
601 1336 1026 1400 Suspensionem
1041 1335 1158 1402 ipso
1175 1335 1314 1387 facto
1331 1337 1667 1389 incurrunta
1694 1353 1921 1389 suorum
1949 1338 2348 1392 beneficiorum

455 1422 802 1488 perceptione
840 1422 908 1472 ad
945 1420 1350 1487 beneplacitum
1389 1423 1437 1472 S.
1484 1423 1634 1473 Sedis
1674 1423 1916 1489 Capitula
1957 1431 2010 1474 et
2038 1425 2347 1478 Conventus

453 1507 814 1559 Ecclesiarum
854 1514 906 1558 et
942 1507 1389 1559 Monasteriorum
1427 1508 1626 1574 aliique
1666 1524 1873 1575 omnes,
1903 1511 1999 1576 qui
2024 1512 2092 1565 ad
2128 1509 2349 1563 illarum

455 1609 550 1645 seu
587 1592 809 1643 illorum
847 1593 1093 1656 regimen
1119 1599 1171 1643 et
1197 1594 1727 1645 administrationem
1753 1596 2026 1663 recipiunt
2051 1597 2342 1664 Episcopos

455 1678 656 1731 aliosve
691 1677 956 1730 Praelatos
994 1680 1060 1730 de
1099 1680 1386 1744 praedictis
1421 1679 1677 1732 Ecclesiis
1718 1695 1815 1731 seu
1840 1682 2174 1734 Monasteriis
2204 1683 2348 1750 apud

458 1765 705 1817 eamdem
767 1763 814 1815 S.
878 1765 1073 1817 Sedem
1132 1766 1325 1831 quovis
1381 1767 1545 1818 modo
1602 1768 1860 1833 proviSOS,
1912 1774 2204 1834 antequam
2243 1769 2352 1835 ipsi

457 1851 797 1903 exhibuerint
830 1851 1051 1903 Litteras
1089 1851 1409 1917 apostolicas
1448 1852 1515 1904 de
1554 1868 1654 1904 sua
1681 1854 2046 1919 promotione.

530 1937 577 1987 2.
611 1937 1038 2004 Suspensionem
1075 1954 1172 2005 per
1207 1938 1510 1990 triennium
1550 1954 1582 1990 a
1619 1938 1912 1991 collatione
1939 1939 2205 1992 Ordinum
2232 1940 2352 2008 ipso

516 2286 650 2334 Oltre
681 2299 712 2333 a
741 2287 895 2347 quelli
924 2287 1086 2332 finora
1115 2286 1415 2344 enumerati,
1439 2285 1765 2333 dichiariamo
1785 2284 2069 2345 parimente
2090 2285 2348 2334 scomuni-

459 2362 559 2410 cati
588 2361 743 2421 quelli
773 2361 864 2408 che
896 2373 1120 2408 vennero
1151 2359 1482 2407 scomunicati
1506 2360 1587 2406 dal
1609 2359 1900 2408 sacrosanto
1920 2360 2143 2408 Concilio
2163 2359 2356 2407 triden-

394 2463 398 2466 «
457 2438 584 2496 tino,
606 2436 681 2482 sia
699 2435 1122 2483 coll’assoluzione
1142 2435 1388 2482 riservata
1409 2436 1455 2480 al
1487 2434 1688 2481 Sommo
1719 2435 1972 2481 Pontefice
2005 2448 2034 2481 o
2066 2434 2356 2481 all'ordina-

459 2513 551 2570 ric,
585 2511 659 2557 sia
687 2522 838 2558 senza
866 2512 1050 2557 alcuna
1080 2511 1288 2567 riserva‚
1312 2508 1593 2556 eccettuata
1612 2510 1662 2554 la
1688 2521 1822 2567 pena
1853 2509 1904 2555 di
1934 2508 2172 2556 anatema
2203 2508 2357 2555 stabi·
2383 2556 2387 2560 ,

459 2585 551 2631 lita
581 2586 665 2630 nel
695 2584 909 2643 decret0‚
953 2596 1071 2631 sess.
1106 2598 1179 2642 1v,
1223 2585 1292 2630 De
1338 2582 1544 2630 editione
1574 2583 1619 2628 et
1652 2594 1749 2630 usu
1789 2593 2048 2630 sacrorum
2095 2581 2354 2643 librom,

462 2660 561 2705 alla
601 2660 750 2718 quale
780 2659 1037 2717 vogliamo
1082 2658 1173 2704 che
1219 2657 1580 2716 soggiacciano
1625 2657 1778 2716 quelli
1810 2656 2028 2703 soltanto
2062 2656 2173 2715 che,
2207 2667 2359 2704 senza

464 2733 871 2792 l’approvazione
911 2734 1024 2779 dell’
1039 2731 1322 2790 ordinar10‚
1371 2731 1637 2798 s‘qpmpano
1675 2744 1704 2777 o
1749 2731 1907 2777 fanno
1952 2730 2205 2789 stampare
2243 2729 2359 2776 libri

467 2806 702 2854 trattanti
733 2807 784 2853 di
816 2820 928 2855 cose
959 2820 1118 2854 sacre.

598 2925 900 2983 Sospenseonz·
929 2925 1062 2973 latae
1092 2925 1373 2973 sententiae
1403 2924 1643 2971 riservate
1674 2924 1727 2971 al
1757 2924 1943 2972 sommo
1973 2922 2233 2983 Pontestoe.'

476 3062 478 3064 -
530 3030 571 3076 1.
607 3029 879 3076 Incorrono
923 3031 1025 3088 ipso
1062 3030 1206 3090 sacto
1251 3030 1384 3076 nella
1430 3030 1753 3088 sospensione
1792 3030 1924 3075 dalla
1960 3028 2250 3087 percezione
2279 3027 2361 3076 dei

466 3106 573 3152 loro
594 3103 814 3150 benefizi
845 3117 874 3149 a
904 3103 1217 3162 beneplacito
1253 3103 1381 3150 della
1412 3103 1570 3150 Santa
1607 3103 1732 3151 Sede
1762 3103 1780 3148 i
1811 3101 2024 3160 Capitoli
2063 3115 2091 3148 e
2120 3101 2360 3149 conventi

470 3178 521 3226 di
551 3177 717 3225 chiese
747 3190 774 3224 e
804 3178 1096 3236 monasteri,
1118 3191 1146 3224 e
1176 3177 1299 3223 tutti
1332 3178 1485 3237 quelli
1517 3177 1610 3225 che
1642 3178 1689 3224 al
1721 3187 1950 3236 governo
1982 3188 2010 3222 e
2041 3174 2361 3222 all’ammini-

472 3245 720 3299 strazione
765 3251 815 3297 di
860 3253 1023 3310 quelle
1069 3264 1098 3297 o
1139 3251 1188 3297 di
1237 3251 1389 3310 quelli
1433 3251 1670 3299 ricevono
1699 3248 1912 3299 vescovi
1939 3249 2003 3295 od
2033 3247 2150 3295 altri
2178 3247 2362 3296 Prolati

475 3325 604 3373 dalle
643 3324 870 3384 predette
915 3325 1078 3372 chiese
1109 3337 1138 3371 o
1169 3324 1441 3372 monasteri
1487 3337 1658 3383 presso
1694 3325 1745 3370 la
1775 3322 1932 3370 stessa
1962 3321 2120 3369 Santa
2150 3321 2275 3369 Sede
2303 3321 2360 3367 in

475 3399 770 3459 qualunque
797 3399 944 3446 modo
974 3397 1237 3457 provvistil,
1269 3398 1437 3467 prima
1462 3399 1555 3448 che
1583 3400 1631 3446 le
1660 3398 1876 3445 abbiano
1905 3395 2145 3443 mostrato
2174 3397 2222 3443 le
2251 3394 2362 3442 Let-

469 3475 578 3522 tere
609 3472 913 3531 apostoliche
944 3474 1073 3519 della
1101 3474 1206 3519 loro
1236 3474 1574 3531 promozione.

527 3548 571 3601 2.
606 3548 880 3601 Incorrono
926 3548 1027 3606 ipso
1069 3547 1180 3594 iure
1227 3549 1360 3594 nella
1405 3547 1728 3608 sospensione
1771 3545 2022 3598 triennale
2053 3544 2187 3599 dalla
2217 3543 2361 3597 colla-
