2488 4290
389 322 477 376 284

389 437 658 503 maggiori
715 436 912 489 furono
974 453 1108 504 pure
1166 428 1472 490 introdotti.
1540 427 1988 502 Inginocchiatisi
2026 438 2157 490 tutti
2195 429 2289 490 (13-

388 524 536 574 vanti
575 522 626 575 al
663 524 804 590 Papa
842 526 899 575 in
928 525 1119 576 ordine
1148 522 1425 585 circolare,
1474 524 1797 586 monsignor
1820 523 2085 589 Iacobini,
2125 530 2288 576 sotto·

388 610 681 672 segretario
721 608 805 660 del
844 608 1106 675 ConciliO‚
1150 610 1288 662 lesse
1328 609 1383 659 13
1420 606 1655 660 formola
1692 606 1781 660 del
1834 609 2185 672 giuramento
2224 610 2286 659 in

388 709 552 744 nome
580 709 828 746 comune.
875 695 920 745 11
957 694 1096 746 libro
1136 695 1226 746 dei
1265 695 1419 745 Santi
1456 693 1715 757 Evangeli
1754 699 2036 745 sostenuto
2063 695 2155 745 dai
2180 695 2287 745 due

389 778 658 831 cardinali
696 781 916 831 Diaconi
954 781 1013 831 fu
1053 787 1207 846 posto
1245 794 1402 852 sopra
1427 777 1478 830 le
1504 770 1796 843 gihocchia
1823 777 1911 831 del
1934 780 2076 845 Papa
2113 795 2142 830 e
2179 780 2290 830 cia-

387 865 666 917 scheduno
705 865 844 931 degli
886 864 1110 916 officiali
1148 864 1250 917 5311
1286 881 1382 931 per
1420 873 1584 916 turno
1621 879 1653 915 a
1695 862 2001 928 ratificare,
2046 865 2285 931 posando

390 949 444 1001 la
482 950 661 1002 destra
696 948 783 1002 sul
821 951 976 1015 libro,
1020 950 1074 1002 13
1110 949 1346 1001 formula
1374 947 1462 1001 del
1495 950 1840 1015 giuramento
1880 964 1981 1000 con
2021 950 2169 1002 dire:
2211 947 2289 1002 Et

388 1051 474 1101 eqo
510 1037 633 1090 NN.
677 1038 816 1088 sacri
857 1035 1067 1088 Concilii
1104 1035 1158 1100 (il
1209 1050 1370 1087 nome
1427 1033 1755 1104 dell’offizio)
1791 1035 2017 1103 spondete,
2055 1050 2199 1087 voveo
2237 1040 2287 1086 et

382 1124 495 1174 iuro
520 1127 578 1173 ut
601 1124 653 1173 in
669 1123 907 1187 formula
933 1123 1214 1190 praelecta.
1259 1120 1350 1173 Sic
1372 1137 1446 1172 me
1472 1121 1610 1172 Deus
1636 1121 1838 1172 adiuvet
1875 1126 1926 1172 et
1961 1121 2083 1173 haee
2106 1124 2287 1173 sancta

384 1210 483 1259 Dei
516 1208 808 1274 Evanyelia.
846 1210 1021 1260 Uscito
1049 1211 1190 1275 dopo
1216 1210 1376 1261 breve
1403 1206 1696 1274 preghiera
1718 1207 1760 1258 il
1786 1207 1836 1258 S.
1868 1208 2049 1271 Padre,
2093 1209 2113 1258 i
2139 1222 2285 1259 mae-

383 1296 479 1346 stri
517 1294 659 1347 delle
699 1297 999 1347 cerimonie
1037 1295 1433 1347 distribuirono
1475 1309 1506 1344 a
1543 1294 1671 1345 tutti
1727 1293 1745 1343 i
1783 1293 1941 1345 Padri
1980 1300 2127 1346 tanto
2164 1291 2286 1343 l'Al·

381 1380 657 1434 locuzione
694 1383 839 1434 detta
877 1382 1053 1433 dianzi
1091 1382 1161 1433 da
1199 1381 1249 1432 S.
1296 1381 1518 1441 samita,
1566 1394 1720 1430 corne
1747 1377 1786 1430 il
1812 1380 1976 1430 Breve
2014 1379 2113 1432 che
2140 1394 2286 1432 com·

382 1459 586 1533 prende
624 1468 677 1518 la
716 1468 900 1533 regola
938 1466 1026 1519 del
1064 1466 1321 1518 Concilio.

1149 2497 1332 2585 ⁶123>ss
1342 2497 1736 2585 &fist—ff
