2488 4290
274 449 401 518 dine
442 473 695 532 urgente,
742 465 810 518 ad
850 480 940 517 eos
979 478 1171 517 omnes
1210 459 1268 514 in
1309 461 1550 529 qualibet
1589 468 1860 514 terrarum
1899 459 2051 513 Orbis
2089 474 2167 511 re-

271 555 433 618 gione
474 555 769 619 degentes,
833 553 930 620 qui
988 550 1288 603 christiano
1351 551 1579 600 nomine
1618 553 1945 613 censentur,
2007 563 2167 600 curas

271 639 485 691 Nostras
525 640 827 705 extendere,
870 653 1171 705 omnesque
1209 636 1278 688 ad
1315 642 1572 703 paternae
1611 635 1851 687 caritatis
1887 634 2167 701 amplexus

271 727 503 776 excitare
565 725 1050 778 vehementissime
1110 724 1360 790 capimus
1416 728 1469 774 et
1525 737 1804 774 conamur.
1875 722 1980 774 Nec
2040 738 2167 774 vero

270 812 472 878 absque
511 804 915 877 gravianimae
978 812 1200 864 Nostrae
1258 809 1503 877 periculo
1560 814 1773 874 partem
1813 807 1985 859 ullam
2024 809 2170 860 chri-

269 899 433 949 stiani
471 896 664 964 populi
704 898 984 964 negligere
1023 913 1318 964 possumus
1342 941 1354 961 ,
1416 896 1510 962 qui
1548 895 1946 962 pretiosissimo
1987 894 2170 946 Salva-

272 983 404 1034 toris
442 984 619 1036 Nostri
658 984 939 1050 Sanguine
979 986 1336 1051 redemptuS,
1403 990 1457 1035 et
1511 983 1680 1034 sacris
1717 981 1972 1047 baptismi
2011 982 2170 1047 aquis

271 1069 329 1120 in
367 1068 717 1122 Dominicum
757 1085 976 1136 gregem
1017 1070 1260 1123 adlectus
1288 1113 1300 1133 ,
1371 1085 1593 1122 omnem
1657 1069 1760 1120 sibi
1822 1066 2170 1133 vigilantiam

271 1155 516 1207 Nostram
555 1157 674 1208 iure
712 1157 969 1223 deposcit.
1015 1155 1196 1223 Itaque
1224 1157 1437 1209 cumin
1465 1155 1721 1208 omnium
1759 1152 2170 1221 procurandam

270 1241 524 1309 salutem,
568 1244 665 1310 qui
703 1243 982 1295 Christum
1019 1242 1200 1295 Iesum
1239 1249 1546 1308 agnoscunt
1585 1248 1638 1294 et
1676 1241 1939 1307 adorant,
1992 1241 2172 1292 studia

271 1330 476 1391 omnia,
522 1330 987 1396 cogitationesque
1026 1330 1244 1383 Nostras
1270 1330 1649 1382 indesinenter
1688 1328 1938 1380 conferre
1979 1327 2172 1379 debea-

271 1428 413 1479 muS,
456 1413 642 1467 oculos
678 1415 898 1468 Nostros
936 1431 999 1468 ac
1035 1422 1329 1483 paternum
1376 1416 1627 1468 animum
1666 1413 1736 1467 ad
1772 1416 1906 1466 istas
1947 1427 2173 1467 conver-

273 1501 441 1552 timus
478 1500 788 1569 Ecclesiae,
847 1517 990 1568 quae
1028 1502 1164 1554 olim
1201 1503 1432 1554 unitatis
1468 1500 1691 1554 vinculo
1731 1516 1856 1553 cum
1893 1500 2000 1553 hac
2035 1501 2174 1569 Apo·-

269 1585 461 1637 stolica
498 1586 634 1638 Sede
671 1587 1078 1654 conglutinatae
1117 1595 1270 1640 tanta
1308 1588 1632 1654 sanctitatis,
1674 1587 2004 1653 caelestique
2044 1587 2174 1639 doc-

273 1672 441 1724 trinae
464 1672 631 1724 laude
659 1674 941 1737 florebant,
975 1675 1276 1742 uberesque
1305 1675 1525 1727 divinae
1551 1672 1752 1741 gloriae
1779 1679 1833 1727 et
1855 1674 2172 1726 animarum

268 1757 460 1811 salutis
497 1760 710 1812 fructus
748 1761 994 1823 edebant,
1022 1764 1173 1813 nunc
1197 1777 1322 1814 vero
1350 1777 1447 1828 per
1473 1761 1710 1814 nefarias
1749 1760 1907 1813 illius
1945 1766 2084 1811 artes
2111 1773 2174 1811 ac

269 1844 719 1913 machinationes,
747 1848 843 1913 qui
869 1848 1113 1914 primum
1139 1847 1379 1901 schisma
1405 1849 1656 1901 excitavit
1692 1848 1752 1898 in
1791 1847 1941 1899 caelo
1971 1862 2002 1898 a
2027 1861 2174 1898 com-

269 1932 535 1983 munione
573 1932 800 1985 Sanctae
833 1933 1109 1987 Romanae
1148 1935 1434 2002 Ecclesiae,
1475 1950 1613 2002 quae
1655 1941 1764 1986 toto
1805 1934 1937 1986 orbe
1975 1934 2174 1985 diffusa

269 2023 365 2082 est,
394 2020 670 2072 seiunctae
695 2035 756 2071 ac
781 2019 984 2073 divisae
1010 2036 1136 2074 cum
1168 2036 1388 2075 summo
1416 2021 1605 2075 Nostro
1633 2036 1882 2074 moerore
1910 2020 2164 2072 existunt.

268 2276 500 2338 imposto,
534 2279 1112 2328 veementissimamente
1160 2279 1492 2328 desideriamo
1524 2293 1551 2327 e
1583 2281 1630 2328 ci
1660 2280 1924 2328 sforziamo
1958 2279 2009 2328 di
2040 2281 2176 2329 stens

273 2351 390 2399 dere
419 2352 466 2400 le
497 2353 675 2401 Nostre
707 2366 827 2401 cure
858 2367 889 2401 a
918 2354 1041 2402 tutti
1074 2355 1228 2414 quelli
1259 2354 1350 2402 che
1382 2355 1438 2401 in
1471 2355 1811 2416 qualsivoglia
1851 2354 2063 2415 regione
2095 2349 2174 2403 del

268 2427 453 2473 mondo
483 2439 607 2474 sono
635 2428 875 2487 insigniti
907 2430 986 2477 del
1019 2442 1168 2476 nome
1200 2429 1251 2475 di
1283 2420 1524 2477 cristiano
1542 2466 1555 2491 ‚
1587 2430 1648 2477 ed
1679 2430 1902 2478 eccitarli
1943 2431 2070 2478 tutti
2102 2432 2174 2478 al-

267 2498 552 2558 l’amplesso
600 2500 679 2548 del
726 2502 905 2548 Nostro
952 2514 1121 2549 amore
1167 2502 1397 2561 paterno.
1434 2502 1506 2550 Ne
1552 2515 1703 2551 senza
1750 2516 1911 2563 grave
1954 2504 2174 2562 pericolo

269 2572 561 2620 dell’anima
606 2574 787 2623 Nostra
814 2576 1082 2634 ,possiamo
1128 2577 1417 2624 trascurare
1463 2579 1608 2636 parte
1640 2579 1825 2625 alcuna
1871 2578 1949 2624 del
1995 2578 2174 2636 popolo

269 2647 526 2708 cristianO,
561 2649 596 2694 il
627 2650 793 2710 quale,
826 2650 1037 2698 redento
1083 2651 1165 2697 dal
1210 2663 1411 2710 sangue
1459 2653 1824 2710 preziosissimo
1871 2653 1951 2699 del
1999 2652 2172 2699 nostro

270 2719 528 2769 Salvatore
575 2736 602 2770 e
647 2736 737 2782 per
782 2724 828 2771 le
874 2727 1021 2772 sante
1068 2737 1228 2785 acque
1258 2726 1567 2773 battesimali
1599 2727 1817 2774 raccolto
1850 2728 1933 2774 nel
1967 2738 2173 2786 gregge

271 2794 350 2841 del
399 2795 615 2854 Signore
634 2831 647 2856 ,
696 2797 1042 2856 giustamente
1093 2799 1314 2848 richiede
1365 2801 1503 2848 tutta
1556 2801 1605 2846 la
1657 2801 1837 2848 Nostra
1891 2801 2166 2859 vigilanza.

273 2868 544 2930 Adunque,
579 2871 809 2919 dovendo
839 2872 950 2933 Noi,
983 2885 1136 2921 senza
1162 2886 1301 2934 posa,
1336 2875 1580 2923 conferire
1625 2875 1750 2923 tutti
1779 2876 1797 2921 i
1828 2875 1997 2924 Nostri
2027 2875 2173 2921 sforzi

271 2954 299 2989 e
328 2943 453 2990 tutti
483 2944 501 2989 i
531 2945 701 2993 Nostri
729 2947 950 3004 pensieri
982 2959 1012 2993 a
1034 2960 1286 3007 procurar
1315 2950 1366 2996 la
1397 2950 1560 2998 salute
1601 2950 1654 2997 di
1695 2950 1820 2997 tutti
1851 2951 2047 3010 colom,
2081 2949 2173 2997 che

270 3017 595 3066 riconoscono
639 3019 700 3067 ed
747 3020 970 3068 adorano
998 3021 1162 3071 Oristo
1194 3023 1349 3083 Gesti,
1383 3025 1692 3084 rivolgiamo
1724 3025 1743 3071 i
1772 3024 1940 3072 Nostri
1973 3023 2114 3071 occhi
2146 3036 2173 3070 e

270 3092 306 3137 il
337 3092 515 3140 Nostro
543 3095 757 3153 paterno
787 3095 957 3143 animo
987 3108 1018 3143 a
1048 3097 1235 3145 coteste
1265 3098 1472 3159 Chiese;
1503 3100 1550 3146 le
1581 3099 1740 3160 quali,
1773 3112 1848 3146 un
1878 3099 2050 3158 tempo
2078 3099 2173 3144 col-

270 3166 438 3225 1egate
469 3169 545 3214 col
578 3168 776 3216 vincolo
807 3170 859 3217 di
889 3170 1037 3218 unita
1066 3184 1098 3218 a
1128 3173 1309 3233 questa
1339 3173 1465 3221 Sede
1496 3174 1785 3234 apostolica,
1817 3174 2065 3221 fiorivano
2084 3185 2174 3231 per

270 3241 416 3289 tanta
446 3242 557 3291 lode
588 3243 639 3290 di
670 3244 860 3291 santita
889 3257 917 3294 e
947 3245 999 3292 di
1029 3246 1210 3294 celeste
1242 3247 1484 3308 dottrina,
1517 3261 1544 3295 e
1582 3249 1940 3308 producevano
1987 3246 2173 3305 copiosi

269 3314 417 3363 rrutti
463 3329 553 3376 per
597 3318 647 3364 la
693 3318 859 3377 gloria
907 3319 958 3365 di
987 3319 1080 3367 Dio
1111 3333 1138 3368 e
1169 3333 1259 3380 per
1288 3322 1338 3368 la
1368 3323 1531 3370 salute
1563 3322 1690 3370 delle
1733 3322 1928 3382 anime3
1960 3334 2045 3367 ma
2086 3332 2173 3366 ora

270 3403 359 3449 per
388 3391 435 3438 le
467 3392 564 3439 arti
595 3393 786 3440 nefarie
816 3406 844 3441 e
874 3394 1276 3443 macchinazioni
1308 3396 1359 3442 di
1392 3397 1524 3443 colui
1557 3396 1650 3444 che
1679 3397 1736 3443 in
1767 3396 1897 3444 cielo'
1922 3393 2109 3442 suscito
2138 3394 2173 3439 il

272 3465 434 3524 primo
464 3467 663 3527 scisma,
695 3468 738 3514 si
767 3468 983 3516 trovano
1013 3470 1244 3528 separate
1275 3483 1302 3518 e
1335 3471 1617 3532 disgiunte,
1650 3484 1748 3519 con
1779 3482 1972 3518 sommo
1992 3468 2173 3516 Nostro

274 3540 549 3664 cordtginO,
583 3542 716 3591 dalla
747 3545 897 3594 santa
925 3557 1136 3594 romana
1165 3545 1363 3607 chiesa,
1396 3545 1490 3594 che
1532 3545 1560 3594 e
1590 3545 1778 3595 diffusa
1822 3557 1912 3606 per
1957 3543 2092 3594 tutto
2136 3541 2171 3587 il

276 3627 395 3663 mon
432 3629 477 3664 o.
