2488 4290
1912 319 1999 366 259

96 495 156 549 11.
180 491 467 564 cQNclLlo
496 495 909 550 PROVINCIALE
932 498 999 549 DI
1027 497 1230 550 PRAGA
1267 499 1345 548 El]
1382 497 1442 548 IL
1470 498 1643 549 CARD.
1678 498 1999 549 PREFETTO

371 597 568 649 DELLA
608 599 656 649 S.
691 597 1208 652 CONGREGAZIONE
1246 599 1362 650 DEL
1404 599 1709 651 CONCILIO.

201 793 477 844 {alterae
530 796 1076 848 Eminentissimi
1129 798 1528 847 cardinalis
1581 797 1899 847 (laten-ini

302 877 360 925 S.
393 877 462 924 (3.
495 878 560 926 c.
594 879 944 928 Praefecti
976 882 1061 928 «le
1093 882 1333 929 eodem
1365 886 1798 941 argumento.

279 1040 520 1088 Emin.me
552 1053 611 1089 ac
641 1043 833 1091 Rev.me
866 1044 1067 1091 Domine
1102 1043 1578 1093 observandissime!

160 1173 300 1220 Inter
330 1173 638 1232 multiplices
668 1175 719 1221 et
749 1175 980 1221 assiduas
1011 1175 1340 1234 negotiorum
1364 1177 1818 1225 ecclesiasticorum
1841 1190 2007 1238 curaS,

103 1246 288 1307 quibus
317 1246 442 1294 haec
473 1247 524 1294 S.
557 1247 908 1307 Congregatio
938 1249 1222 1296 Tridentini
1253 1250 1380 1296 iuris
1424 1252 1676 1310 interpres
1722 1265 1781 1299 ac
1814 1233 2007 1301 vindex

0 1325 2 1364 ;
100 1321 447 1368 indesinenter
479 1322 828 1381 distringitur,
851 1323 981 1368 nihil
1003 1323 1207 1382 gratius
1238 1324 1403 1371 eidem
1432 1326 1660 1373 accidere
1690 1329 1831 1387 solet,
1857 1342 2012 1387 quam

0 1384 23 1471 ζ·
103 1395 330 1443 actorum
362 1396 780 1457 decretorumque
811 1397 1114 1456 recognitiO,
1154 1411 1285 1457 quae
1332 1399 1386 1444 in
1434 1399 1763 1457 Synodorum
1810 1404 2012 1461 provin-

0 1500 13 1518 η
104 1469 309 1517 cialium
339 1470 675 1518 celebratione
705 1473 1125 1530 promulgantur,
1159 1473 1315 1531 probe
1354 1474 1538 1533 sciens„
1572 1476 1731 1522 veluti
1761 1478 2017 1534 praeclare

105 1543 271 1591 aiebat
301 1544 352 1590 S.
383 1545 449 1590 M
486 1545 779 1593 Alexander
812 1546 924 1606 VII,
959 1545 1131 1592 Const.
1166 1546 1243 1605 20,
1278 1547 1396 1606 §82
1439 1548 1629 1599 «Nihil
1647 1550 1912 1611 frequenti
1930 1551 1986 1598 S
1968 1564 2020 1610 J

103 1619 336 1666 nolorum
368 1619 685 1667 celebratione
706 1621 1009 1680 populorum
1041 1621 1219 1680 salicti,
1244 1632 1303 1668 ac
1332 1622 1488 1670 veteri
1519 1623 1815 1684 disciplinae
1846 1637 1969 1673 cons
1981 1626 2020 1672 2·-

106 1691 314 1740 tuendae
358 1694 722 1742 accomodatius
763 1695 853 1749 est,
902 1696 1064 1759 eisque
1110 1695 1434 1755 intermissis,
1481 1708 1660 1757 maqna
1704 1699 1758 1746 in
1802 1700 2022 1747 moribus

106 1767 332 1815 continno
362 1767 430 1816 ad
458 1779 643 1816 omnem
673 1769 1038 1829 improbitatem
1070 1781 1127 1817 ac
1150 1770 1390 1830 peccandi
1434 1770 1689 1820 libidinem
1721 1774 1874 1833 saec>
1904 1774 2022 1834 fnit

106 1841 405 1891 immutatio.
439 1862 461 1885 »

164 1915 317 1963 Porro
347 1929 466 1964 cum
496 1917 859 1966 sanctissimus
884 1919 1133 1966 Dominus
1155 1920 1333 1968 Noster
1355 1920 1701 1968 Conciliorum
1732 1924 2018 1981 provincia-

108 1988 235 2037 lium
265 1990 776 2053 redintegrationem,
802 1994 962 2041 veluti
986 1994 1247 2041 medendis
1268 1994 1424 2041 huius
1444 1996 1559 2042 aevi
1590 1997 1737 2043 malis
1767 1996 2018 2056 optimum

108 2064 405 2124 remedium,
453 2066 825 2124 sapientissime
872 2068 1322 2127 commendaverit,
1371 2081 1430 2116 ac
1477 2070 1570 2127 Tu,
1605 2070 2017 2117 Eminentissime

110 2136 351 2198 Domine,
402 2139 696 2187 huiusmodi
741 2141 853 2188 voci
898 2141 1117 2188 libenter
1163 2142 1435 2189 obsecutus
1482 2143 1673 2189 nedum
1719 2156 1855 2190 anno
1904 2144 2021 2190 1860

111 2209 477 2270 Suffraganeos
510 2214 626 2261 tuos
672 2214 727 2260 in
775 2215 1078 2273 synodalem
1125 2218 1441 2263 conventum
1486 2217 1685 2275 Pragae
1732 2230 2020 2276 congrega-

61 2345 68 2350 ·
111 2285 263 2344 veria,
294 2287 383 2334 sed
412 2288 569 2335 etiam
599 2289 736 2336 illius
767 2290 883 2336 acta
929 2290 980 2336 et
1028 2291 1235 2338 decreta
1277 2291 1619 2349 expendenda
1668 2292 1733 2338 ad
1779 2292 2022 2339 Sanctam

113 2359 293 2407 Sedem
324 2374 391 2409 ex
422 2362 628 2410 Sixtina
656 2364 772 2422 lege
805 2364 1064 2423 detuleriS,
1098 2377 1188 2423 per
1220 2366 1286 2411 Te
1333 2366 1583 2413 coniicere
1625 2367 1786 2426 potes,
1832 2368 2027 2426 quanta

114 2434 445 2483 delectatione
476 2436 703 2485 affeceris
732 2438 903 2497 ipsum
935 2438 1327 2486 Sanctissimum
1351 2440 1631 2486 Dominum
1662 2441 1921 2497 Nostrum,
1945 2441 2029 2487 cui

115 2507 210 2555 hac
241 2510 302 2556 de
332 2522 387 2558 re
428 2511 694 2569 speciatim
739 2513 875 2560 facta
927 2514 1003 2560 631
1048 2514 1243 2572 relatio,
1293 2525 1388 2561 nec
1436 2527 1541 2560 non
1588 2515 2030 2562 Eminentissimos

114 2582 289 2630 Patres
319 2584 370 2631 S.
402 2584 617 2633 huiusce
649 2586 1101 2646 Congregationis,
1135 2588 1283 2635 cuius
1313 2588 1421 2646 ipse
1452 2589 1716 2647 praeclara
1738 2601 1857 2647 pars
1879 2602 1949 2647 63,
1978 2591 2029 2635 61

116 2669 277 2717 quam
316 2660 534 2718 egregia
577 2661 803 2708 vicissim
850 2662 1261 2720 gratulationum
1308 2662 1603 2711 testimonia
1654 2676 1744 2722 per
1791 2677 1872 2711 me
1920 2664 2028 2709 Tibi

115 2731 370 2790 perhiberi
400 2735 663 2782 merueris.
698 2736 762 2783 Et
791 2747 916 2783 sane
946 2736 989 2782 si
1021 2748 1081 2783 ea
1112 2737 1470 2796 respiciantur,
1496 2750 1628 2797 quae
1650 2738 1713 2784 ab
1738 2738 2030 2784 Eminentia

117 2805 224 2852 Tua
250 2807 458 2867 tuisque
488 2808 843 2868 Suffraganeis
872 2810 927 2856 in
959 2809 1183 2856 Concilio
1229 2810 1530 2868 provinciali
1571 2812 1851 2858 constituta
1890 2812 2030 2869 sunt,

0 2891 26 2951 ¹2*ss-
59 2936 61 2939 .
119 2881 314 2928 auctior
337 2883 654 2943 ampliorque
673 2884 887 2931 laudum
907 2885 1118 2931 tuarum
1141 2887 1379 2932 cumulus
1402 2885 1650 2946 efficitur3
1673 2887 1760 2932 illa
1781 2886 2032 2945 siquidem

0 2951 9 2990 ἓ·
41 2975 49 2997 .‹
120 2953 320 3003 decreta
351 2958 638 3015 opportuna
668 2958 719 3006 et
749 2958 975 3006 efficacia
1006 2959 1118 3006 visa
1149 2961 1274 3007 311111
1296 2971 1392 3019 pro
1436 2961 1753 3010 moderandis
1794 2960 2030 3018 moribaS,

120 3029 457 3090 corrinqendis
476 3031 773 3087 ezecessibas,
797 3033 1148 3082 controversiis
1164 3034 1519 3094 componendis,
1546 3035 1762 3096 aliisque
1782 3047 1845 3082 em
1868 3035 2031 3082 saeris

123 3104 385 3154 canonibus
420 3106 702 3167 permissis,
747 3108 836 3167 qui
878 3107 1030 3155 iuxta
1071 3108 1285 3155 Ooncilii
1328 3109 1615 3156 Tridentini
1661 3110 1790 3157 Sess.
1842 3109 2028 3166 XXIV,

124 3189 232 3238 cap.
264 3179 295 3227 2
324 3181 394 3228 De
414 3182 525 3242 Res.
558 3182 716 3230 verba
747 3182 866 3228 finis
896 3183 972 3230 est
1000 3182 1293 3230 huiusmodi
1325 3184 1692 3231 conventuum.

182 3253 383 3301 Etenim
413 3255 595 3303 merito
625 3256 936 3316 sperandum
968 3257 1046 3304 est
1075 3257 1202 3304 illud
1231 3258 1354 3317 fore,
1387 3258 1449 3304 ut
1477 3259 1533 3304 in
1564 3259 1843 3316 posterum,
1878 3258 2027 3304 novis

123 3326 222 3375 illis
250 3324 455 3387 legibus
482 3330 598 3378 istic
628 3331 684 3377 in
715 3343 868 3379 usum
913 3330 1162 3391 deductiS,
1208 3332 1263 3378 in
1310 3333 1490 3391 primis
1529 3335 1619 3393 qui
1665 3345 1791 3381 vasa
1834 3332 2038 3378 Domini

125 3399 315 3462 ferunt,
347 3403 527 3466 utique
558 3405 893 3465 mundentur,
928 3405 980 3453 61
1010 3406 1100 3465 qui
1131 3406 1197 3453 ad
1227 3417 1370 3465 spem
1402 3407 1653 3454 Ecclesiae
1676 3406 2029 3458 subcrescunt,

125 3474 389 3536 tamquam
418 3478 625 3537 lignum
655 3479 819 3526 futuri
849 3480 971 3539 sint,
1007 3481 1144 3539 quod
1173 3480 1467 3539 plantatum
1500 3482 1576 3527 est
1597 3493 1743 3528 secus
1765 3481 2038 3526 decursum

129 3559 394 3612 aquarum,
427 3553 563 3613 quod
593 3553 820 3603 fructum
850 3566 1003 3602 suum
1043 3554 1183 3604 dabit
1228 3556 1455 3615 tempore
1498 3566 1605 3602 3110.
1653 3553 1878 3615 Subinde
1920 3550 2038 3598 fidei
