2488 4290
338 334 397 380 34

336 437 495 488 Illum
517 478 529 499 ,
583 435 679 501 qui
717 447 811 499 per
849 446 968 483 eam
1005 430 1071 481 ad
1107 444 1207 482 nos
1244 431 1430 481 venire
1466 428 1654 481 voluit.
1698 431 1951 483 Faventes
1986 431 2211 484 habebis

340 520 587 573 caelestes
623 518 948 570 Sanctorum
988 516 1198 578 chorOS,
1246 532 1482 581 quorum
1512 514 1723 568 beatam
1749 515 1977 580 gloriam
2013 532 2211 582 magno

338 607 522 659 studio
561 595 944 667 continuisque
983 600 1291 667 apostolicis
1329 603 1610 653 conatibus
1649 603 1963 668 exquisitam
2001 605 2211 655 mundo

344 689 604 742 exultanti
644 694 763 739 tum
801 687 995 737 diebus
1032 686 1183 751 istis,
1245 692 1361 737 tum
1412 687 1641 737 antehac
1677 689 2031 741 annunciasti.
2074 690 2214 741 Assi-

341 783 480 829 stent
517 775 638 825 Tibi
673 771 946 838 Principes
982 770 1365 838 Apostolorum
1401 773 1588 822 Petrus
1627 778 1680 823 et
1702 773 1922 839 PauIUS,
1962 775 2215 840 precibus

341 861 654 930 potentibus
719 856 1152 909 sollicitudinem
1209 857 1379 907 Tuam
1438 858 1814 910 secundantes.
1880 859 1939 909 In
2001 860 2211 927 puppi,

342 962 506 1012 quam
544 946 623 996 Tu
659 958 810 994 nunc
849 956 1075 1006 occupas
1098 980 1116 1005 ,
1180 942 1367 992 Petrus
1405 941 1535 992 olim
1591 943 1836 1009 sedebat3
1902 945 2018 1010 ipse
2072 945 2217 1010 apud

340 1031 632 1083 Dominum
670 1028 989 1090 intercedet,
1034 1033 1094 1077 ut
1129 1043 1268 1093 quae
1307 1028 1459 1078 navis
1497 1028 1672 1094 ipsius
1721 1029 1992 1094 suffragiis
2027 1031 2219 1083 adiuta

343 1117 646 1168 octodecim
683 1113 914 1166 saeculis
953 1112 1126 1163 altum
1163 1114 1303 1164 vitae
1341 1113 1618 1165 humanae
1656 1130 1807 1166 mare
1843 1114 2075 1167 feliciter
2098 1131 2216 1182 per-

344 1202 537 1262 currit,
608 1201 678 1250 Te
739 1201 880 1249 Duce
905 1240 918 1260 ‚
990 1199 1186 1264 opimis
1225 1197 1623 1250 immortalium
1680 1201 1986 1251 animarum
2028 1201 2218 1268 spoliis

343 1292 556 1353 onusta,
599 1283 884 1335 coelestem
921 1288 1143 1348 portum
1181 1283 1361 1349 plenis
1397 1286 1587 1337 subeat
1622 1284 1766 1337 velis.
1812 1286 1965 1346 Quod
2002 1293 2063 1337 ut
2099 1286 2212 1353 fiat,

338 1388 438 1423 nos
475 1386 730 1423 curarum
756 1413 769 1433 ,
832 1384 1055 1436 precum
1093 1374 1145 1420 et
1182 1370 1434 1422 laborum
1472 1372 1715 1422 Tuorum
1753 1371 1938 1423 fideles
1976 1372 2217 1424 devotos-

335 1473 438 1524 que
476 1457 646 1509 socios
684 1455 944 1520 habebiS,
1015 1456 1112 1522 qui
1151 1455 1394 1507 divinam
1433 1454 1781 1509 clementiam
1819 1472 1968 1508 nunc
2001 1473 2216 1523 quoque

336 1543 706 1609 deprecamur,
737 1547 799 1591 ut
825 1541 945 1592 Tibi
973 1541 1126 1592 omni
1151 1542 1528 1593 benedictione
1557 1544 1774 1596 coelesti
1801 1542 2079 1595 cumulato
2104 1559 2219 1595 ser-

335 1633 530 1680 ventur
567 1631 970 1691 augeanturque
996 1627 1135 1678 vires
1162 1644 1176 1693 ;
1219 1634 1282 1678 ut
1306 1629 1460 1679 novis
1485 1630 1543 1680 in
1569 1631 1684 1681 dies
1712 1631 2022 1682 animarum
2050 1628 2218 1681 lucris

338 1714 484 1764 dives
505 1714 575 1764 sit
591 1713 703 1764 vita
721 1712 849 1774 Tua,
876 1713 947 1763 sit
967 1712 1231 1777 longaeva
1251 1715 1308 1765 in
1330 1716 1502 1781 terriS‚
1527 1717 1596 1767 sit
1617 1714 1748 1767 olim
1767 1717 1824 1767 in
1853 1715 2019 1767 coelis
2037 1717 2215 1768 beata!

337 1882 379 1954 -Χ-
413 1885 614 1937 Marius
652 1886 955 1937 Cardinalis
992 1888 1198 1949 Mattei,
1241 1888 1411 1952 Episc.
1458 1887 1657 1940 Ostien.
1705 1893 1757 1938 et
1794 1887 2121 1938 Veliternen.
2167 1892 2220 1938 et

480 1971 528 2021 S.
574 1971 797 2035 Collegii
835 1972 1087 2022 Decanus.
1139 1974 1273 2023 Ostia
1310 1988 1332 2022 e
1373 1974 1574 2023 Velletre'.

340 2052 382 2126 -ξ-
419 2055 803 2106 Constantinus
831 2057 977 2107 Card.
1011 2056 1224 2122 Patrizi,
1260 2057 1423 2122 Episc.
1455 2058 1706 2108 Portuen.
1741 2062 1794 2108 et
1820 2057 1867 2108 S.
1912 2056 2209 2123 Ruphinae.

478 2142 622 2191 Porto
659 2158 681 2192 e
706 2143 858 2192 Sama
892 2141 1089 2205 Rufina.

340 2396 503 2431 mezzo
532 2384 582 2430 di
611 2384 675 2430 lei
706 2384 747 2429 si
779 2384 1102 2443 compiacque
1133 2384 1183 2429 di
1215 2384 1388 2431 venire
1420 2398 1450 2431 a
1480 2386 1581 2431 noi.
1617 2385 1802 2432 Avrete
1832 2384 2040 2443 propizii
2068 2385 2087 2430 i
2118 2386 2220 2432 0011

343 2457 509 2505 celesti
542 2458 620 2504 dei
652 2456 813 2516 Santi,
846 2459 896 2503 la
926 2458 1007 2504 cui
1038 2458 1202 2515 gloria
1232 2471 1258 2503 e
1288 2457 1617 2516 beatitudine,
1650 2470 1745 2505 con
1775 2459 1971 2516 grande
2000 2459 2164 2505 studio
2193 2471 2221 2505 e
2259 2500 2262 2502 ,

348 2543 441 2577 con
470 2531 743 2578 incessanti
775 2531 918 2576 sforzi
952 2531 1002 2575 di
1031 2530 1334 2588 apostoliche
1350 2531 1691 2590 disquisizioni
1706 2531 1932 2590 chiarite,
1954 2532 2047 2577 Voi
2076 2531 2220 2578 avete

342 2604 712 2651 solennemente
741 2617 768 2651 e
798 2605 853 2649 in
905 2604 1068 2663 questi
1100 2605 1271 2662 giorni
1302 2617 1329 2650 e
1359 2605 1413 2650 in
1445 2605 1560 2651 altri
1609 2605 1765 2663 tempi
1795 2605 2116 2652 ,annunziato
2171 2607 2219 2651 al

343 2679 526 2725 mondo
557 2677 819 2724 esultante.
853 2678 915 2723 Vi
947 2678 1284 2724 assisteranno
1313 2678 1331 2723 i
1362 2678 1582 2736 Principi
1612 2679 1748 2737 degli
1782 2679 2022 2738 Apostoli,
2057 2679 2221 2727 Pietro

345 2766 371 2800 e
403 2753 565 2811 Paolo,
599 2752 913 2799 secondando
946 2764 1038 2798 con
1069 2752 1263 2810 potenti
1292 2752 1558 2811 preghiere
1587 2755 1638 2798 la
1656 2753 1835 2800 Vostra
1857 2753 2218 2801 sollecitudine.

344 2828 456 2873 Alla
483 2839 663 2885 poppa,
697 2827 821 2873 dove
866 2838 953 2872 ora
983 2826 1075 2872 Voi
1106 2827 1287 2885 sedete,
1336 2828 1517 2874 sedeva
1547 2841 1620 2873 un
1667 2828 1848 2885 giorno
1879 2827 2044 2874 Pietro
2070 2842 2083 2888 ;
2115 2829 2221 2888 egli

342 2901 652 2948 intercedera
681 2912 848 2959 presso
877 2900 911 2945 11
943 2901 1175 2959 Signore,
1200 2901 1414 2948 affinche
1435 2903 1601 2961 quella
1621 2915 1754 2950 nave
1783 2903 1892 2962 che,
1925 2902 2119 2950 aiutata
2139 2903 2222 2949 dai

344 2976 453 3026 suoi
481 2975 711 3034 suffragi,
746 2976 835 3034 gia
864 2974 994 3022 solco
1024 2976 1336 3023 felicemente
1365 2989 1453 3034 per
1499 2977 1598 3023 ben
1644 2977 1847 3024 diciotto
1893 2978 2041 3025 secoli
2076 2978 2216 3024 l'alto

346 3061 483 3096 mare
515 3050 642 3095 della
690 3049 796 3095 vita
826 3062 1029 3108 umana,
1082 3048 1210 3096 sotto
1261 3051 1309 3095 la
1359 3049 1538 3096 Vostra
1579 3050 1814 3098 condotta
1853 3050 1986 3098 entri
2016 3064 2046 3097 a
2074 3051 2222 3110 piene

348 3125 455 3170 vele
486 3123 568 3169 nel
599 3123 740 3180 porto
772 3123 965 3181 celeste,
1000 3124 1163 3170 carica
1193 3123 1243 3168 di
1275 3124 1467 3181 spoglie
1498 3125 1659 3182 opime
1675 3125 1727 3171 di
1746 3125 1914 3172 anime
1933 3124 2217 3172 immortali.

349 3197 421 3242 Ed
452 3196 666 3243 affinche
698 3196 773 3243 cio
789 3197 831 3243 si
853 3197 1061 3255 compia,
1081 3197 1165 3242 noi
1194 3197 1255 3241 Vi
1287 3209 1530 3243 saremmo
1554 3198 1701 3245 fedeli
1725 3211 1753 3245 e
1769 3198 1936 3245 devoti
1949 3199 2222 3257 compagm‘

348 3270 478 3316 nelle
506 3269 855 3329 sollecitudini,
900 3271 1028 3317 nelle
1057 3270 1323 3329 preghiere
1355 3283 1382 3317 e
1411 3272 1542 3318 nelle
1590 3271 1793 3330 fatiche,
1846 3284 1873 3318 e
1922 3271 1995 3317 fin
2027 3272 2090 3318 da
2134 3284 2222 3319 ora

344 3343 703 3402 supplichiamo
732 3345 782 3389 la
811 3344 984 3391 divina
1014 3345 1280 3406 clemenza,
1314 3344 1405 3391 che
1450 3346 1511 3390 Vi
1561 3344 1751 3391 ricolmi
1783 3345 1833 3390 di
1866 3345 1992 3403 ogni
2020 3346 2221 3392 benedi-

351 3419 492 3465 zione
542 3417 735 3477 celeste,
781 3418 843 3463 Vi
882 3417 1163 3476 mantenga
1213 3418 1273 3464 ed
1315 3430 1541 3465 accresca
1569 3419 1615 3465 10
1642 3420 1791 3477 foi-ze,
1825 3431 1852 3466 e
1902 3418 1965 3464 Vi
2004 3420 2222 3467 conceda

348 3502 454 3537 una
483 3489 605 3550 vita,
637 3491 770 3538 ricca
798 3491 923 3550 ogni
954 3490 1004 3537 di
1035 3490 1125 3549 piu
1156 3490 1206 3537 di
1237 3503 1402 3538 nuove
1433 3491 1694 3551 conquiste
1710 3491 1761 3538 di
1777 3491 1961 3551 anime,
1979 3504 2085 3539 una
2114 3492 2222 3548 vita

348 3566 569 3633 longeva
595 3576 661 3612 su·
686 3564 864 3634 questa
891 3564 1042 3624 terra,
1074 3577 1102 3613 e
1132 3564 1422 3614 finalmente
1450 3564 1598 3613 beata
1627 3566 1708 3614 ne'
1724 3564 1866 3628 cielil
