2488 4290
292 258 438 330 χ62

378 403 616 460 nemque
670 390 917 461 reduxit;
982 393 1115 446 adeo
1175 398 1260 455 ut,
1322 391 1566 445 infandis
1623 380 1901 448 malorum
1958 398 2277 452 cohortibus
2367 383 2409 409 ⁵
2476 399 2483 411 “

375 475 639 533 Ecclesiae
678 494 781 544 ope
818 476 1334 547 depulsis,‘1·ursum
1371 478 1515 531 facta
1554 481 1665 531 sint
1693 493 1865 547 prava
1899 481 1953 534 iu
1988 482 2200 547 directa,
2227 489 2278 538 et
2315 513 2317 515 ·

377 578 562 636 aspera
595 565 649 617 iu
684 566 793 617 vias
818 566 1022 634 planas,

447 649 647 704 Verum
685 651 784 703 etsi
823 650 1028 718 pluries
1068 651 1282 715 devicti,
1314 650 1463 704 bello
1496 656 1677 704 tamen
1717 647 2004 707 daemonis
2043 639 2278 709 asseclae
2390 703 2397 722 γ,

375 752 488 789 non
528 737 809 790 destitere:
866 735 1197 804 propulsatis
1236 738 1510 790 veteribus
1549 738 1822 805 hostihu‘S,
1864 741 2070 809 nuperi,
2099 721 2278 795 Eccle·
2332 776 2336 777 ν
2411 759 2413 761 ·

378 824 515 875 siam
551 823 731 875 adorti
769 828 913 886 sunt,
947 822 1194 874 eiusdem
1235 823 1509 875 excidium
1548 829 1882 890 appetentes,
1928 826 2029 887 Qui
2052 827 2278 893 quidem
2386 827 2392 836 “

377 915 547 960 aetate
585 923 800 975 praese1
807 909 906 959 tim
943 913 1127 960 nostra
1164 906 1302 959 illud
1329 908 1656 974 prophetico
1683 908 2015 978 descriptum
2053 913 2276 965 oraculo

377 994 578 1047 referre
613 994 898 1047 videntur:
960 992 1315 1048 Percussimus
1363 994 1555 1062 foedus
1607 1008 1718 1046 oum
1752 999 1931 1082 megia,
1973 1000 2023 1049 et
2059 1012 2170 1050 cum
2203 999 2279 1051 iu·

369 1082 527 1145 seruo
557 1080 779 1146 fecimus
813 1083 1082 1147 pactum...
1134 1081 1395 1147 posuimus
1431 1080 1740 1133 mendacium
1774 1095 1907 1149 spem
1941 1086 2184 1149 nostram,
2227 1088 2279 1136 ot

377 1167 625 1218 mendacio
651 1166 881 1233 protecti
916 1180 1084 1218 sumus
1137 1165 1218 1235 (1).
1282 1166 1564 1219 Enimvero
1622 1167 1831 1232 quibus
1882 1167 2170 1221 fraudibus
2224 1176 2279 1224 et

373 1251 762 1306 molitionibus
800 1257 855 1303 et
891 1253 1057 1304 armis
1095 1243 1288 1304 nefarii
1326 1252 1428 1304 isti‘
1453 1251 1710 1306 homines
1758 1251 2051 1306 Ecclesiam
2077 1268 2272 1320 ,aggre-

374 1341 602 1392 diantur
639 1337 925 1392 neminem
962 1338 1134 1403 fugit:
1177 1346 1286 1404 qua
1313 1339 1392 1390 ira
1418 1343 1472 1390 et
1497 1340 1624 1391 odio
1649 1339 1846 1406 perciti
1871 1353 2062 1392 nervos
2087 1353 2276 1402 omnes

373 1426 679 1489 intendant,
714 1430 774 1475 ut
810 1423 965 1476 illam
1005 1425 1290 1490 exagitent,
1325 1423 1646 1491 proculcent
1678 1433 1731 1477 et
1767 1426 2001 1492 perdant
2035 1425 2093 1477 in
2131 1441 2277 1495 com-

373 1517 527 1578 perto
567 1517 664 1563 est.
709 1510 814 1563 Sed
853 1511 987 1577 quid
1026 1508 1198 1565 inde?
1253 1511 1395 1563 Deus
1435 1511 1533 1577 qui
1572 1511 1805 1563 humiliat
1843 1515 1893 1563 et
1929 1496 2160 1564 subleva&
2190 1514 2292 1576 (2),

373 1599 605 1650 vulnerat
642 1602 691 1650 et
728 1598 953 1651 medetur
989 1589 1076 1667 (3),
1130 1597 1278 1648 diem
1334 1597 1549 1648 iamdiu
1607 1581 1911 1665 exoptatam
1968 1599 2266 1662 constituit,

372 1700 481 1751 qua
519 1685 585 1736 ab
622 1683 949 1736 huiusmodi
987 1683 1262 1736 teterrima
1301 1682 1655 1734 dimicatione
1693 1683 1960 1749 Ecclesia,
1990 1670 2275 1749 civilisque

374 1770 515 1822 Ordo
543 1769 952 1834 conquiescant.
998 1771 1074 1819 En
1100 1783 1267 1834 quam
1294 1769 1612 1835 frequentes
1640 1767 1839 1819 adsunt
1868 1756 2165 1834 Purpurati¹
2182 1769 2277 1820 Pa·

375 1865 501 1922 treS‚
534 1855 931 1921 sacrorumque
963 1853 1236 1905 Antistites
1268 1853 1392 1918 fide,
1415 1853 1663 1927 scientia,
1688 1853 1968 1916 charitate,
1997 1853 2273 1905 omnium-

376 1957 482 2009 que
517 1942 783 1992 virtutum
821 1941 967 1992 fama
1005 1939 1318 2006 clarissimi;
1373 1941 1470 2005 qui
1509 1940 1575 1991 ab
1616 1935 1867 1990 extremis
1905 1938 2073 1990 etiam
2112 1944 2277 1991 terra—

374 2043 499 2079 rum
539 2025 741 2078 finibus
778 2027 845 2077 ad
883 2026 1031 2078 hanc
1066 2026 1208 2077 Petri
1245 2025 1599 2092 Cathedram,
1647 2024 1773 2076 uude
1823 2023 2008 2076 Unitas
2047 2024 2276 2076 sacer-do-

378 2114 500 2166 talis
538 2116 720 2177 exorta
757 2117 832 2163 est
857 2110 943 2181 (4),
988 2117 1242 2179 prompto
1281 2109 1602 2176 lubentique
1643 2110 1835 2161 animo
1878 2115 2275 2176 convenerunt,
2334 2101 2335 2105 ¹

376 2205 437 2249 ut
473 2214 596 2250 cum
636 2198 863 2249 Summo
890 2196 1201 2263 Religionis·
1226 2195 1491 2248 Pontifice
1517 2196 1713 2258 studia,
1757 2194 2004 2261 consilia,
2034 2194 2173 2247 vires
2194 2195 2279 2246 in-

377 2286 603 2336 tendant
658 2283 1010 2350 dispellendis
1073 2283 1324 2345 tenebris„
1383 2297 1521 2348 quae
1582 2282 1810 2349 operiunt
1870 2285 2062 2332 terram
2099 2279 2184 2350 (5),
2227 2286 2279 2332 et

376 2368 631 2421 sanandis
669 2369 1091 2421 contritionibus
1144 2366 1304 2419 Israel
1341 2365 1430 2435 (6).
1493 2367 1550 2416 In
1608 2366 1761 2418 hunc
1816 2381 1947 2418 sane
2004 2365 2278 2418 Veneran-

377 2457 510 2507 dum
549 2455 810 2508 Ordinem
868 2470 1120 2521 praesens
1177 2470 1205 2505 e
1262 2452 1422 2505 Coelo
1482 2450 1728 2503 illabitur
1781 2449 2009 2519 Spiritus
2059 2448 2278 2503 Sanctus

378 2541 682 2593 Parui-iiius
701 2538 812 2610 .(7):
874 2554 937 2591 ac
993 2541 1158 2598 modo
1215 2543 1466 2603 tamquam
1490 2532 1492 2534 ’
1520 2553 1666 2590 sonus
1716 2538 2023 2598 advenientis
2059 2537 2275 2604 spiritus

377 2627 667 2678 vehementis
698 2623 785 2696 (8),
829 2641 937 2692 quo
975 2626 1162 2676 Crucis
1202 2640 1384 2676 osores
1421 2628 1858 2691 prosternuntur,
1903 2637 2148 2674 errorum
2187 2638 2279 2687 pe·
2356 2644 2362 2650 ·
2443 2607 2446 2627 ³

378 2712 470 2764 stis
510 2710 854 2779 propellitur,
898 2713 1189 2768 haerentes
1230 2726 1400 2764 coeno
1452 2709 1626 2762 animi
1682 2709 1749 2761 ad
1804 2708 2038 2775 syderea
2095 2706 2277 2772 Regna

442 2969 502 3029 (I)
537 2969 673 3025 Isai.,
706 2966 940 3024 XXVIII,
975 2965 1046 3012 15.

442 3043 502 3102 (2)
536 3042 576 3099 1,
611 3042 758 3098 Reg.,
794 3041 858 3097 II,
891 3039 935 3085 7.

444 3117 503 3178 (3)
538 3116 668 3176 Iob.,
699 3116 760 3171 V,
797 3114 869 3159 18.
954 3143 956 3145 »

444 3192 504 3252 (4)
538 3190 587 3236 S
623 3189 800 3246 Gypr„
834 3189 923 3245 Ep.
958 3187 1017 3233 55
1047 3187 1112 3234 ad
1143 3187 1292 3234 Corn.
1326 3184 1510 3232 Pontis.

444 3264 504 3325 (5)
539 3263 677 3321 Isai.‚
710 3262 813 3319 LX,
846 3261 891 3306 2.
1585 3252 1587 3254 ’

448 3339 508 3398 (6)
542 3339 739 3393 Ierem„
772 3336 910 3393 VIII,
948 3335 1018 3380 ll.

445 3412 488 3466 (7
493 3412 505 3471 )
539 3412 629 3458 Ev.
665 3411 864 3467 Ioann.,
896 3408 1032 3466 XIV,
1064 3407 1138 3454 26.

445 3486 505 3546 (8)
539 3483 652 3532 Act.
687 3483 751 3541 II,
784 3482 828 3529 2.
882 3491 894 3500 ·
