2488 4290
1976 342 2055 392 121
2090 324 2093 327 ’

226 459 425 512 Verum
454 440 550 511 etsi
580 440 713 509 fides
752 457 823 509 sit
858 470 1021 523 supra
1061 451 1349 516 rationem,
1391 450 1549 504 nulla
1589 458 1772 504 tamen
1814 467 2056 517 unquam

154 547 298 597 inter
334 545 499 596 fidem
553 551 606 596 et
655 545 927 596 rationem
983 556 1111 595 vera
1165 540 1435 594 dissensio
1491 554 1603 592 esse
1660 544 1866 606 potest:
1931 554 2057 590 cum

31 628 34 635 ⁴
89 671 99 675 -
155 630 299 682 idem
337 631 496 695 Deus,
537 631 643 704 quil
685 630 948 697 mysteria
999 626 1202 680 revelat
1249 634 1302 680 et
1353 626 1521 677 fidem
1562 626 1827 689 infundit,
1871 625 2059 691 animo

156 715 401 767 humano
427 716 659 767 rationis
683 714 878 766 lumen
905 714 1190 780 indiderit;
1224 715 1362 765 Deus
1385 720 1569 765 autem
1592 725 1792 776 negare
1821 711 2061 777 seipsum

157 815 268 852 non
308 801 492 866 possit,
535 816 638 866 nec
691 816 884 853 verum
940 815 1071 852 vero
1129 814 1375 865 unquam
1428 798 1817 867 contradicere.
1880 795 2064 846 Inanis

157 892 341 941 autem
380 886 546 937 huius
585 887 1036 938 contradictionis
1074 887 1279 953 species
1317 885 1448 937 inde
1483 884 1837 952 potissimum
1866 883 2059 945 oritur,

157 972 303 1038 quod
359 970 447 1021 vel
503 970 634 1023 fidei
690 972 947 1036 dogmata
1003 971 1071 1023 ad
1110 977 1355 1024 mentem
1394 969 1655 1022 Ecclesiae
1692 968 1974 1021 intellecta
2012 974 2065 1019 et

58 1093 74 1107 -.
159 1054 395 1123 exposita
432 1072 543 1107 non
583 1057 807 1119 fuerint,
853 1055 938 1108 vel
978 1057 1306 1124 opinionum
1348 1063 1662 1108 commenta
1697 1070 1795 1122 pro
1837 1051 2065 1106 rationis

160 1143 333 1194 effatis
370 1141 687 1193 habeantur.
733 1141 965 1192 Omnem
1002 1142 1178 1206 igitur
1215 1143 1568 1193 assertionem
1606 1142 1820 1193 veritati
1857 1137 2075 1194 illumi-,

134 1233 317 1286 ,natae
364 1225 495 1278 fidei
549 1228 878 1277 contrariam
929 1228 1159 1279 omnino
1210 1226 1404 1279 falsam
1455 1243 1568 1280 esse
1622 1218 1920 1279 definimus
1969 1221 2057 1292 (t).

151 1312 322 1366 ‘Porro
374 1310 626 1375 Ecclesia,
687 1327 828 1377 quae
884 1328 995 1364 una
1035 1328 1162 1364 cum
1201 1312 1500 1380 apostolico
1541 1328 1767 1364 munere
1806 1312 2060 1374 docendi,

159 1398 479 1448 mandatum
520 1397 748 1464 accepit,
791 1395 922 1448 fidei
961 1398 1273 1465 depositum
1314 1400 1676 1465 custodiendi,
1709 1399 1796 1449 ius
1824 1399 1987 1450 etiam
2017 1404 2070 1449 et

159 1481 399 1533 officium
429 1482 692 1533 divinitus
712 1481 887 1533 hahet
913 1481 1040 1535 salsi
1068 1484 1314 1534 nominis
1342 1485 1628 1536 scientiam
1662 1483 2060 1551 proscribendi,

161 1581 229 1620 ne
254 1569 383 1634 quis
412 1569 722 1636 decipiatur
749 1582 847 1633 per
871 1566 1301 1636 philosophiam,
1345 1576 1398 1621 et
1422 1570 1648 1621 inanem
1675 1568 1953 1621 fallaciam
1980 1567 2062 1637 (ὓ).

159 1652 499 1720 Quapropter
546 1669 739 1706 omnes
789 1653 1076 1706 christiani
1135 1655 1327 1708 fideles
1382 1655 1707 1713 huiusmodi
1759 1655 2063 1723 opinioneS,

40 1725 71 1807 53
151 1750 296 1803 ‘quae
323 1738 451 1791 fidei
480 1740 763 1793 doctrinae
791 1741 1096 1793 contrariae
1135 1755 1252 1793 esse
1292 1732 1727 1807 cognoscunturJ
1762 1744 1996 1796 maxime
2023 1738 2067 1794 si

219 2050 301 2098 Ma
331 2041 548 2100 sebbene
577 2054 628 2100 la
659 2053 770 2101 fede
801 2052 876 2099 sia
907 2065 1056 2111 sopra
1086 2054 1136 2100 la
1167 2053 1400 2114 ragione,
1433 2067 1562 2114 pure
1593 2066 1697 2103 non
1737 2059 1790 2105 vi
1820 2060 1922 2118 puo
1964 2064 2065 2110 mai

159 2137 322 2173 essere
353 2126 435 2173 tra
466 2128 516 2173 la
546 2127 656 2174 fede
687 2140 715 2174 e
746 2128 796 2173 la
827 2128 1045 2187 ragione
1089 2139 1281 2175 nessun
1324 2141 1445 2176 vero
1491 2129 1743 2179 dissenso:
1793 2136 1977 2191 perche
2017 2138 2065 2184 10

159 2199 318 2247 stesso
346 2201 459 2259 Dic,
493 2201 585 2249 che
617 2202 778 2249 rivela
809 2203 826 2248 i
857 2201 1054 2248 misteri
1084 2214 1112 2248 e
1143 2202 1351 2249 infonde
1382 2204 1431 2248 la
1462 2204 1590 2263 fede,
1625 2203 1652 2251 6
1683 2208 1861 2266 quegli
1882 2209 1975 2256 0116
1999 2211 2065 2257 ha

161 2273 332 2321 infuso
363 2276 399 2320 il
431 2276 570 2323 lume
602 2276 734 2323 della
763 2276 980 2335 ragione
1027 2276 1325 2322 nell’animo
1372 2289 1592 2325 umano:
1628 2279 1694 2326 ne
1723 2281 1826 2338 puo
1856 2283 1949 2330 Dio
1982 2298 2067 2332 ne-

91 2385 96 2392 .
150 2361 289 2415 ‘gare
319 2361 373 2396 se
403 2349 579 2409 stesSO‚
613 2349 679 2397 ne
710 2351 745 2395 il
778 2362 899 2397 vero
930 2350 1033 2396 mai
1063 2350 1387 2397 contraddire
1418 2353 1467 2397 al
1499 2364 1636 2399 vero,
1656 2354 1727 2399 La
1759 2367 1894 2402 vana
1916 2370 2066 2416 appa-

161 2433 312 2469 renza
340 2424 424 2481 poi
455 2423 507 2469 di
531 2423 712 2481 questa
743 2423 1153 2470 contraddizione
1184 2425 1368 2482 quindi
1391 2425 1750 2483 specialmente
1783 2441 1951 2490 nasce,
1974 2432 2066 2478 che

161 2508 191 2542 0
221 2496 239 2542 i
271 2497 461 2544 dommi
493 2498 626 2544 della
657 2498 766 2544 fede
796 2510 901 2544 non
931 2510 1054 2544 sono
1086 2497 1208 2544 stati
1246 2498 1398 2545 intesi
1431 2501 1493 2547 ed
1524 2502 1708 2558 esposti
1754 2505 1971 2552 secondo
2018 2507 2067 2552 la

160 2570 332 2618 mente
362 2572 494 2619 della
524 2571 722 2631 chiesa,
755 2584 784 2617 0
815 2570 1000 2630 perche
1030 2572 1154 2619 false
1175 2572 1405 2631 opinioni
1426 2586 1550 2621 sono
1571 2575 1750 2638 tenute
1774 2589 1863 2635 per
1885 2578 2067 2626 dettati

161 2643 294 2691 della
325 2647 559 2704 ragione.
591 2646 873 2693 Definiamo
905 2646 1118 2703 dunque
1163 2646 1256 2692 che
1303 2648 1430 2706 ogni
1478 2650 1763 2696 asserzione
1810 2653 2068 2700 contraria

161 2719 261 2765 alla
310 2719 476 2766 verita
527 2720 658 2766 della
709 2720 819 2766 fede
879 2719 1170 2766 illuminata
1221 2720 1248 2767 e
1302 2721 1480 2768 affatto
1539 2724 1680 2770 falsa.
1750 2725 1822 2772 La
1887 2726 2068 2774 Ohiesa

162 2794 263 2851 poi,
295 2793 388 2841 che
429 2794 641 2841 insieme
686 2794 974 2841 coll’uffizio
1021 2794 1295 2852 apostolico
1343 2796 1692 2858 d’insegnare,
1742 2800 1985 2848 ricevette
2033 2803 2065 2847 il

161 2867 404 2914 mandato
436 2868 487 2913 di
510 2868 787 2915 »custodire
834 2869 868 2913 il
915 2868 1141 2927 deposito
1187 2869 1317 2915 della
1350 2871 1477 2930 fede,
1512 2871 1579 2918 ha
1613 2874 1777 2920 anche
1809 2875 1874 2920 da
1905 2876 1999 2921 Dio
2031 2876 2067 2921 il

162 2942 340 2988 diritto
370 2942 431 2989 ed
463 2943 500 2987 il
531 2942 716 2989 dovere
747 2942 798 2988 di
830 2943 1144 3000 proscrivere
1190 2944 1240 2990 la
1287 2943 1576 2992 scienza'di
1621 2937 1749 2995 falso'
1789 2962 1957 3008 nome,
1990 2963 2070 2996 ac-

164 3014 366 3063 ciocche
396 3026 621 3062 nessuno
653 3015 730 3062 sia
761 3016 1053 3075 ing-annato
1085 3029 1173 3075 per
1205 3030 1370 3064 mezzo
1402 3019 1455 3064 di
1486 3020 1698 3067 filosofla
1719 3022 1905 3069 inutile
1927 3036 1954 3070 e
1978 3024 2065 3069 fal-

51 3110 56 3118 ν
134 3090 287 3137 ,lace
322 3091 416 3136 Per
445 3090 496 3136 la
526 3090 646 3148 qual
678 3101 794 3136 cosa
826 3102 930 3135 non
977 3091 1255 3139 solamente
1301 3093 1344 3139 si
1393 3093 1643 3152 proibisce
1676 3108 1706 3141 a
1738 3095 1886 3142 tutt’i
1919 3098 2065 3144 fedeli

56 3227 58 3229 ‚
163 3163 394 3210 cristiani
422 3163 474 3209 di
506 3163 784 3222 diffindere,
817 3176 958 3211 come
989 3164 1244 3224 legittime
1275 3167 1630 3215 conchiusioni
1673 3169 1805 3216 della
1850 3171 2066 3226 scienza,

51 3244 55 3255 ·
136 3236 343 3294 ,queste
372 3236 464 3283 tali
495 3236 724 3295 opinioni
756 3237 848 3283 che
889 3238 934 3283 si
977 3250 1259 3286 conoscono
1305 3252 1468 3288 essere
1513 3242 1770 3290 contrarie
1817 3245 1916 3290 alla
1962 3245 2070 3290 dot-

229 3485 293 3544 (1)
326 3486 473 3538 conc.
507 3487 616 3533 Lat.
653 3487 714 3546 V,
747 3486 892 3534 Bulla
923 3487 1191 3548 apostolici
1221 3489 1493 3552 reqioninis,

229 3558 292 3621 (2)
325 3559 509 3633 001033.
545 3561 610 3623 ΙΙ,
643 3562 688 3607 8.
