2488 4290
2030 352 2090 401 65

194 461 565 512 humanarum
619 474 834 525 quoque
890 455 1245 510 scientiarum
1307 456 1621 522 progressui
1676 471 1738 507 ac
1793 457 2083 524 soliditati,

191 545 360 599 veluti
421 560 603 598 sacrae
656 560 718 598 ac
755 543 1014 612 profanae
1052 542 1319 594 historiae
1358 540 1581 594 annales
1633 541 2096 608 splendidissimis

193 632 347 685 factis
383 630 524 685 clare
564 635 851 698 aperteque
890 629 1199 689 ostendunt,
1248 633 1301 679 et
1338 632 1664 690 constanter,
1701 629 2092 699 evidenterque

196 719 581 770 demonstrant.
625 719 687 768 Et
721 716 983 783 quoniam
1025 713 1269 766 Christus
1307 714 1573 765 Dominus
1612 711 1721 766 illis
1759 715 1936 768 verbis
1994 719 2097 772 Nos

191 802 426 856 mirifice
465 808 683 866 recreat,
729 801 905 854 reficit
942 807 995 854 et
1032 800 1377 853 consolatur:
1445 800 1528 851 Ubi
1564 802 1685 851 sunt
1722 802 1820 852 duo
1871 804 1944 852 vel
2003 812 2096 857 tres

192 892 470 957 conpr-cymi
507 892 563 940 in
599 891 799 940 nomine
835 904 938 940 meo
975 888 1044 939 ibi
1079 895 1199 939 sunt
1237 889 1293 937 in
1328 887 1486 937 medio
1530 901 1701 936 eorum
1738 884 1840 956 (1);
1903 888 2094 942 iccirco

191 974 435 1028 dubitare
475 990 586 1026 non
625 988 930 1042 possumus,
975 972 1110 1040 quin
1149 973 1265 1039 ipse
1303 972 1362 1022 in
1400 971 1509 1023 hoc
1547 969 1785 1024 Concilio
1832 973 1994 1025 Nobis
2031 975 2092 1027 in

190 1060 527 1114 abundantia
564 1059 783 1111 divinae
821 1074 950 1111 suae
987 1058 1188 1124 gratiae
1226 1062 1439 1125 praesto
1497 1073 1611 1111 esse
1666 1056 1831 1123 velit,
1877 1076 1985 1127 quo
2031 1077 2094 1113 ea

188 1146 374 1213 omnia
410 1151 646 1198 statuere
684 1145 987 1212 possimuS,
1033 1159 1174 1210 quae
1214 1144 1282 1196 ad
1320 1143 1586 1196 maiorem
1640 1143 1908 1198 Ecclesiae
1964 1162 2095 1199 suae

187 1238 403 1285 sanctae
466 1230 760 1284 utilitatem
821 1230 1011 1297 quovis
1072 1230 1237 1282 modo
1309 1230 1599 1296 pertinent.
1667 1231 2095 1285 Ferventissimis

186 1319 357 1384 igitur
393 1319 460 1370 ad
497 1317 668 1370 Deum
705 1315 987 1369 luminum
1024 1315 1235 1368 Patrem
1275 1315 1332 1367 in
1373 1315 1692 1368 humilitate
1720 1317 1895 1370 cordis
1919 1319 2096 1373 Nostri

187 1405 302 1458 dies
338 1409 628 1470 noctesque
664 1403 801 1456 fusis
840 1401 1090 1469 precibus
1130 1401 1238 1454 hoc
1275 1400 1580 1455 Concilium
1622 1404 1851 1457 omnino
1892 1421 2090 1472 cogen-

189 1490 320 1542 dum
359 1504 475 1542 esse
513 1488 843 1541 censuimus

256 1575 619 1640 Quamobrem
674 1574 770 1627 Dei
825 1573 996 1641 ipsius
1054 1573 1446 1640 omnipotentis
1500 1575 1704 1639 Patris,
1752 1582 1806 1628 et
1844 1576 1992 1641 Filii,
2039 1586 2093 1631 et

187 1661 416 1730 Spiritus
451 1659 651 1724 Sancti,
695 1676 758 1713 ac
794 1661 1082 1712 beatorum
1123 1659 1240 1711 eius
1278 1660 1659 1727 Apostolorum
1685 1663 1827 1715 Petri
1855 1669 1909 1715 et
1931 1665 2091 1717 Pauli

185 1747 539 1812 auctoritate,
600 1761 707 1814 qua
766 1745 872 1800 Nos
928 1762 1149 1814 quoque
1208 1747 1266 1797 in
1310 1749 1468 1800 terris
1525 1748 1829 1815 fungimur,
1875 1749 1995 1802 freti
2037 1758 2091 1803 et

184 1834 372 1898 innixi,
415 1834 482 1889 de
517 1831 926 1887 venerabilium
965 1836 1211 1887 Fratrum
1250 1834 1567 1888 Nostrorum
1607 1835 1656 1888 S.
1702 1836 1759 1888 R.
1803 1838 1857 1888 E.
1904 1836 2084 1889 Cardi-

185 2180 400 2241 solidita‚
432 2193 572 2230 come
602 2192 827 2241 provano
880 2180 1288 2229 evidentemente
1339 2194 1367 2229 e
1417 2181 1836 2242 costantemente‚
1870 2195 1898 2230 e
1929 2184 2088 2232 dimo·

185 2257 360 2304 strano
390 2255 738 2304 chiaramonte
771 2256 834 2303 ed
866 2255 1216 2316 apertamente
1246 2268 1342 2303 con
1374 2255 1647 2316 isplendidi
1667 2256 1782 2304 fatti
1808 2258 1884 2317 gli
1916 2261 2090 2307 annali

187 2332 317 2378 della
345 2343 487 2395 sacra
518 2344 546 2378 e
583 2331 713 2378 della
744 2331 958 2389 profana
988 2329 1159 2378 storia.
1195 2331 1234 2376 E
1249 2329 1428 2389 poiche
1459 2329 1596 2379 Gesu
1613 2331 1776 2379 Oristo
1798 2345 1892 2380 con
1927 2335 2093 2394 quelle

184 2404 353 2465 parole
382 2404 754 2452 mirabilmente
784 2404 829 2451 ci
861 2404 1039 2464 ricrea‚
1073 2404 1302 2452 conforta
1332 2418 1360 2452 e
1391 2406 1623 2452 consola:
1658 2407 1785 2454 Dove
1806 2418 1917 2455 sono
1939 2407 2034 2455 due
2060 2421 2087 2455 o

185 2481 261 2526 tre
279 2479 555 2540 conqreqati
590 2479 649 2528 in
680 2479 776 2527 mio
807 2490 962 2538 nome,
1008 2478 1080 2526 ivi
1100 2479 1146 2527 io
1168 2490 1280 2528 sono
1301 2479 1354 2527 in
1389 2491 1545 2528 mezzo
1567 2492 1599 2528 a
1621 2480 1758 2542 lor03
1789 2481 1957 2541 percio
1988 2495 2092 2531 non

185 2553 450 2602 dobbiamo
482 2552 714 2602 dubitare
745 2553 844 2601 che
875 2553 931 2600 in
965 2553 1146 2614 questo
1178 2553 1402 2601 Concilio
1433 2567 1536 2601 non
1569 2555 1614 2602 ci
1646 2554 1721 2602 sia
1751 2568 1841 2616 per
1858 2568 2021 2604 essere
2040 2558 2092 2604 di

185 2628 325 2675 aiuto
355 2628 814 2676 coll’abbondanza
848 2628 978 2675 della
1010 2628 1185 2675 divina
1217 2639 1310 2675 sua
1355 2630 1548 2689 grazia,
1597 2629 1815 2678 affinche
1846 2631 2095 2690 possiamo

186 2714 464 2762 approvare
508 2701 647 2750 tutte
698 2703 862 2762 quelle
892 2715 1003 2751 cose
1035 2702 1128 2751 che
1157 2703 1212 2750 in
1245 2703 1460 2764 qualche
1510 2704 1658 2752 modo
1704 2706 2094 2766 appartengono

186 2775 442 2824 all’utilita
472 2776 603 2825 della
639 2790 764 2826 vera
795 2777 946 2826 santa
976 2777 1172 2826 Ohiesa.
1208 2778 1481 2839 Adunque‚
1516 2779 1644 2840 dopo
1661 2781 1707 2827 16
1722 2780 2092 2829 ferventissime

185 2850 455 2911 preghiere
483 2851 742 2899 innalzate
773 2865 868 2899 con
900 2851 1039 2900 tutta
1068 2852 1289 2900 l’umilta
1319 2853 1398 2902 del
1429 2854 1609 2902 Nostro
1640 2867 1792 2903 cuore
1823 2855 1875 2901 di
1907 2855 2092 2915 giorno

185 2937 213 2972 e
243 2924 294 2972 di
324 2923 481 2985 nette,
515 2938 546 2972 a
577 2925 670 2973 Dio
718 2926 879 2974 Padre
911 2927 991 2975 dei
1035 2927 1182 2987 lumi,
1234 2927 1468 2976 abbiamo
1519 2929 1889 2978 onninamente
1922 2930 2088 2979 deciso

186 3000 237 3047 di
266 3000 521 3048 radunare
557 3002 746 3049 cotesto
777 3001 1018 3050 Concilio.

244 3075 336 3122 Per
365 3075 415 3121 la
445 3076 565 3136 qual
605 3087 722 3123 cosa
767 3076 1070 3125 confidando
1106 3078 1168 3126 ed
1218 3079 1632 3139 appoggiandoci
1682 3081 1766 3128 all’
1786 3079 2008 3129 autorita
2040 3081 2092 3128 di

183 3149 276 3196 Dio
307 3149 664 3208 onnipotente,
698 3151 875 3210 Padre,
908 3151 1160 3211 Figliuolo
1181 3165 1210 3200 e
1241 3153 1429 3213 Spirito
1445 3153 1621 3215 Sant0,
1644 3168 1672 3203 e
1689 3155 1769 3203 dei
1786 3155 1929 3203 Beati
1962 3157 2092 3216 Apo-

184 3222 296 3269 stoli
327 3222 378 3270 di
408 3222 502 3270 Lui
550 3223 716 3271 Pietro
748 3237 775 3272 e
806 3225 972 3286 Paolo,
1027 3226 1158 3274 della
1188 3228 1336 3288 quale
1383 3227 1606 3276 autorita
1656 3230 1815 3277 siamo
1847 3230 1932 3277 noi
1963 3243 2090 3290 pure

185 3296 239 3342 in
267 3296 404 3344 terra
453 3297 707 3359 investiti,
761 3300 917 3347 avuto
963 3300 997 3347 il
1031 3301 1278 3362 consiglio
1325 3303 1386 3350 ed
1433 3315 1635 3352 assensn
1690 3305 1769 3352 dei
1800 3305 2089 3352 Venerabili

186 3370 351 3419 Nostri
386 3371 607 3432 Fratelli‚
639 3373 656 3420 i
689 3373 946 3423 cardinali
979 3375 1109 3424 della
1139 3377 1287 3426 santa
1317 3389 1530 3426 romana
1560 3378 1758 3440 chiesa,
1785 3392 1880 3429 con
1913 3379 2087 3441 queste

249 3603 308 3664 (1)
340 3605 564 3666 Mam-n„
597 3619 640 3654 c.
680 3606 867 3667 XVIII,
904 3620 952 3654 v.
987 3607 1063 3664 20,
