2488 4290
1974 326 2059 380 153

158 446 437 507 respuunt.
471 440 617 494 Inter
642 441 745 494 hos
769 455 934 508 porro
955 454 1120 492 nemo
1137 441 1359 505 ignorat
1383 454 1498 517 esse
1524 439 1772 492 doctores
1795 439 2050 503 celebreS,

158 527 466 595 peritosque
501 528 790 595 scriptores
828 529 925 595 qui
965 541 1165 592 magna
1203 528 1527 580 auctoritate
1564 526 1869 593 potiuntur.

227 613 268 675 b)
310 614 715 666 Guberniorum
755 614 907 666 favor
943 619 1003 666 ac
1040 614 1320 681 protectio,
1365 629 1502 679 quae
1538 613 1674 665 tanti
1701 613 1957 680 ponderis
1982 621 2062 664 est

159 700 229 752 ad
264 700 525 752 Ecclesias
563 702 686 752 iura
722 702 834 753 sive
875 699 1191 768 temporalia
1245 701 1355 753 sive
1412 701 1577 752 etiam
1631 699 1935 767 spiritualia
1970 700 2061 751 de-

158 786 436 839 fendenda
474 787 829 839 obtinebitur.

227 876 268 933 0)
305 872 532 924 Publica
588 874 793 940 opinio,
856 876 1151 927 modernae
1206 874 1479 927 societatis
1532 874 1739 940 regina,
1799 871 2062 926 Ecclesiae

158 958 333 1010 multo
372 961 556 1011 minus
594 961 811 1012 insensa
849 962 951 1013 erit
986 963 1030 1013 si
1072 962 1272 1026 dogma
1311 962 1419 1027 ipsi
1456 962 1699 1014 invisum
1741 966 1995 1013 taceatur.

230 1044 281 1113 d)
317 1045 469 1096 Multi
508 1045 712 1110 fideles,
758 1048 814 1097 in
854 1046 961 1099 fide
999 1047 1231 1114 infirmi,
1276 1054 1330 1099 et
1367 1048 1510 1099 circa
1560 1048 1667 1100 hoc
1715 1048 1913 1114 dogma
1952 1053 2066 1100 ten-

0 1146 7 1162 *
72 1182 75 1187 ,
160 1132 276 1196 tati,
318 1132 462 1196 gravi
504 1147 664 1184 onere
703 1133 1086 1187 liberabuntur
1121 1135 1166 1186 si
1205 1134 1458 1185 definitio
1498 1136 1796 1186 omitt-atur.

228 1218 458 1269 Demum
511 1226 789 1286 tamquam
846 1221 1076 1272 omissae
1135 1219 1475 1273 definitionis
1526 1221 1817 1278 xcommoda
1871 1221 2062 1273 haberi

159 1311 387 1370 possunt
443 1304 686 1371 pericula
732 1322 870 1373 quae
911 1323 974 1359 ex
1013 1306 1338 1359 definitione
1388 1307 1521 1364 oriri
1579 1322 1733 1373 posse
1787 1307 2062 1373 videntur,

158 1404 406 1457 quaeque
443 1392 586 1444 infra
624 1394 1092 1445 enumerabimus,

228 1477 284 1527 B.
328 1477 643 1540 Incommoda
681 1483 730 1531 et
757 1479 997 1546 pericula
1035 1468 1182 1530 liuius
1220 1479 1513 1531 omissionis.

181 1634 184 1637 ,
229 1576 278 1646 α)
301 1578 547 1652 ‚Multum
585 1581 929 1632 minueretur
965 1581 1263 1647 praesentis
1299 1586 1351 1631 et
1388 1580 1702 1632 futurorum
1740 1579 2066 1633 Pontificum

161 1664 470 1729 auctoritas,
522 1681 820 1736 eorumque
877 1668 1175 1719 sententiae
1233 1667 1464 1719 liberius
1521 1667 1701 1718 adhuc
1755 1673 2071 1734 contemne-

160 1757 352 1802 rentur
390 1757 443 1802 et
479 1753 939 1818 vituperarentur,
982 1768 1147 1819 quam
1186 1754 1243 1804 in
1283 1754 1556 1821 praesenti
1597 1754 1967 1805 controversia
1993 1754 2069 1804 vi·
2110 1782 2118 1794 κ

166 1842 443 1903 tuperatae
480 1844 611 1891 sunt
646 1844 890 1891 veterum
927 1840 1255 1892 Pontificum
1295 1840 1726 1893 constitutiones,

232 1922 272 1986 b)
311 1925 426 1977 Non
467 1927 650 1978 minus
705 1925 989 1978 vilesceret
1042 1927 1346 1978 auctoritas
1406 1926 1663 1978 catholici
1717 1927 2069 1995 Episcopatus

165 2009 438 2076 totiusque
477 2011 721 2064 docentis
758 2010 1052 2064 Ecclesiae:
1101 2027 1226 2064 cum
1266 2014 1415 2064 enim
1456 2018 1666 2064 certum
1691 2012 1761 2063 sit
1783 2012 2068 2079 plerosque

166 2096 457 2165 Episcopos
514 2094 629 2151 hoc'
679 2099 880 2164 dogma
931 2107 1195 2165 tanquam
1242 2100 1611 2152 certissimum
1660 2099 1943 2165 hucusque
1994 2106 2070 2151 te-

165 2184 371 2251 nuisse,
412 2183 754 2237 definitionis
801 2186 1020 2238 omissio
1078 2202 1189 2237 non
1247 2186 1353 2238 nisi
1410 2186 1618 2238 duabus
1674 2187 1848 2250 causis
1905 2186 2069 2238 tribui

165 2278 365 2337 posset:
408 2270 495 2323 vel
535 2272 735 2335 timori,
781 2273 867 2324 vel
905 2273 1164 2325 victoriae
1203 2271 1500 2338 gallicanae
1526 2271 1743 2324 scholae
1782 2288 1922 2339 quae
1947 2274 2071 2323 uni-

165 2356 392 2409 versalis
413 2358 716 2410 traditionis
743 2358 1042 2411 falsitatem
1070 2359 1406 2412 ostendisset.
1437 2361 1508 2410 Ac
1532 2358 1762 2426 proinde
1787 2359 2069 2411 fatendum

166 2450 302 2496 esset
339 2444 612 2497 Romanos
650 2446 956 2512 PontificeS,
1001 2461 1125 2498 cum
1163 2452 1312 2513 parte
1349 2445 1514 2510 longe
1552 2446 1788 2497 maxima
1816 2444 2071 2497 catholici

167 2530 529 2598 EpiscopatuS,
587 2531 674 2583 vel
714 2531 1064 2585 traditionem
1101 2547 1289 2602 veram
1329 2548 1426 2599 per
1461 2531 1623 2599 plura
1668 2530 1883 2584 saecula
1920 2528 2071 2582 adul-

167 2623 379 2681 terasse,
422 2616 510 2668 vel
548 2632 669 2670 eam
707 2633 857 2670 nunc
894 2618 1146 2670 confiteri
1186 2619 1479 2671 erubuisse.
1526 2618 1694 2670 Nemo
1746 2632 1907 2684 porro
1958 2632 2070 2668 non

165 2701 312 2755 videt
349 2710 620 2770 quantum
661 2712 956 2772 utrumque
995 2703 1261 2758 Ecclesiae
1300 2704 1503 2757 honori
1540 2705 1880 2757 contrarium
1918 2704 2002 2755 sit.

237 2787 280 2859 c)
318 2789 589 2843 Cresceret
624 2789 769 2844 ultra
805 2793 1034 2854 modum
1074 2797 1398 2843 novatorum
1437 2789 1735 2843 insolentia
1763 2805 2069 2856 eorumque

167 2877 420 2927 omnium
455 2877 549 2943 qui
597 2876 956 2930 rationalismi
1013 2879 1334 2943 contagione
1390 2875 1513 2944 plus
1568 2878 1816 2929 minusve
1874 2875 2070 2927 infecti

168 2969 311 3014 sunt.
356 2962 490 3014 Cum
529 2963 678 3014 enim
716 2963 968 3029 generale
1007 2962 1310 3016 Concilium
1350 2962 1578 3015 difficile
1620 2964 1743 3029 cogi
1782 2963 1966 3030 possit,
2014 2967 2067 3012 et

167 3048 225 3098 in
281 3049 398 3116 ipso
455 3048 697 3114 generali
754 3049 994 3102 Concilio
1055 3050 1388 3102 unanimitas
1427 3065 1539 3102 non
1578 3051 1656 3102 ita
1699 3049 1859 3102 facile
1908 3048 2075 3116 possit

169 3134 417 3198 obtineri,
438 3137 663 3203 probato
684 3135 850 3187 etiam
870 3151 968 3202 per
986 3151 1202 3188 merum
1223 3135 1450 3188 Concilii
1470 3136 1755 3188 silentium
1775 3135 1883 3186 hoc
1903 3138 2075 3200 syste-

169 3227 331 3286 mate,
391 3219 682 3287 apostolica
720 3221 1016 3273 auctoritas
1055 3237 1119 3274 eo
1169 3222 1356 3276 fraeno
1397 3223 1611 3286 carebit,
1655 3237 1765 3288 quo
1805 3219 2072 3288 superbos

168 3300 269 3359 hos
305 3305 615 3360 intellectus
654 3309 712 3358 in
738 3307 1033 3360 salutarem
1056 3306 1183 3360 fidei
1209 3309 1577 3377 captivitatem
1605 3308 1852 3373 redigere
1879 3305 2064 3373 possit.

238 3394 293 3457 d)
331 3394 416 3445 Pii
453 3395 639 3447 fideles
676 3397 870 3460 ingens
907 3401 1223 3462 paterentur
1259 3395 1595 3459 scandalum,
1649 3410 1774 3447 cum
1826 3394 2074 3444 viderent

171 3495 265 3532 eos
301 3481 646 3548 triumphum
688 3496 848 3548 agere
889 3485 987 3549 qui
1025 3499 1057 3535 a
1093 3498 1184 3536 sex
1220 3483 1502 3537 mensibus
1527 3481 1863 3534 Pontificum
1892 3486 2074 3533 aucto-

170 3566 315 3619 ritati
352 3573 406 3620 et
440 3568 612 3635 ipsius
649 3568 915 3622 Ecclesiae
954 3570 1227 3624 sanctitati
1265 3571 1584 3624 obtrectant.
1918 3646 1945 3674 ι
