2488 4290
292 371 347 418 10

291 471 431 524 male
468 472 582 523 suis
619 455 917 536 triumphis
956 452 1235 534 plaudant,
1278 480 1340 516 ac
1377 452 1492 516 suis
1531 451 1776 514 consiliis
1818 464 1870 511 et
1896 447 2182 510 conatibus

293 558 478 621 fidant,
524 557 651 609 satis
687 555 1073 623 perspicientes
1113 556 1318 603 tant-am
1355 551 1562 602 virium
1599 561 1920 612 compagem
1944 542 2182 596 convelli

292 660 403 695 non
440 659 607 709 posse,
651 657 818 708 quam
856 641 976 691 Iesu
1014 638 1210 690 Christi
1255 637 1480 702 spiritus
1539 640 1593 685 et
1651 633 1836 684 divina
1889 631 2062 682 virtus
2120 629 2180 679 in

292 727 618 793 apostolicae
658 724 1015 778 confessionis
1051 728 1204 789 petra
1245 720 1655 785 coagmentavit.
1715 716 1960 768 Profecto
1999 716 2043 766 si
2081 730 2185 764 un·

292 828 457 878 quam
495 811 624 863 alias
661 812 768 862 hoc
803 810 1035 860 maxime
1079 814 1338 872 tempore,
1372 802 1720 857 Venerabiles
1745 803 1974 868 FratreS,
2008 799 2185 851 omni-

292 897 393 949 bus
429 897 752 948 hominibus
790 899 973 960 pateat
1009 906 1227 943 necesse
1265 896 1360 953 est,
1405 890 1485 941 ibi
1522 888 1704 940 solum
1743 889 1958 939 animos
2001 886 2185 937 arctis-

292 983 432 1033 sima
466 983 610 1033 inter
648 997 703 1032 se
743 979 1130 1031 coniunctione
1154 976 1426 1028 contineri
1446 990 1619 1040 posse,
1641 975 1739 1025 ubi
1763 989 1906 1025 unus
1927 973 2185 1036 idemque

294 1067 386 1117 Dei
441 1067 664 1132 spiritus
719 1064 977 1115 omnibus
1035 1063 1377 1126 dominatur,
1420 1066 1475 1111 at
1529 1060 1633 1110 Deo
1671 1057 1880 1123 relicto,
1922 1055 2186 1108 Ecclesiae

295 1151 614 1202 auctoritate
669 1153 993 1215 contempta,
1058 1147 1316 1199 homines
1372 1144 1645 1196 felicitatis
1700 1145 1819 1195 eius
1872 1157 2038 1209 quam
2093 1157 2190 1207 per

296 1235 499 1287 scelera
534 1239 800 1301 quaerunt
837 1238 1097 1298 expertes,
1140 1233 1200 1282 in
1237 1230 1720 1282 turbulentissimis
1777 1227 2189 1294 tempestatibus

295 1321 514 1384 misere,
559 1318 901 1383 dissidiisque
939 1316 1143 1368 iactari.

363 1404 467 1457 Sed
519 1406 564 1456 si
620 1402 867 1455 fidelium
907 1403 1217 1453 communis
1271 1406 1555 1466 spectetur
1605 1400 1836 1466 utilitas,
1877 1399 2182 1466 quidnam,

295 1490 645 1543 Venerabiles
698 1490 940 1550 Fratres,
1004 1487 1368 1553 opportunius
1429 1502 1489 1537 ac
1544 1486 1843 1537 salutarius
1897 1485 1967 1536 ad
2008 1484 2189 1535 incre-

297 1582 545 1628 mentum
584 1573 826 1638 obsequii
865 1587 994 1636 erga
1030 1573 1136 1624 Nos
1175 1577 1228 1623 et
1265 1570 1617 1639 apostolicam
1660 1571 1972 1623 cathedram
2001 1569 2188 1621 catho-

296 1658 419 1711 licis
457 1660 709 1725 gentibus
748 1674 858 1709 esse
896 1662 1092 1724 potest,
1138 1673 1304 1723 quam
1346 1658 1394 1708 si
1430 1658 1655 1709 videant
1702 1659 1898 1723 quanti
1945 1671 1975 1706 a
2011 1656 2190 1707 Pasto-

297 1746 448 1797 ribus
486 1745 600 1795 suis
638 1742 935 1795 catholicae
972 1743 1203 1794 unitatis
1241 1744 1368 1793 iura
1406 1749 1459 1794 et
1495 1743 1751 1795 sanctitas
1804 1743 1913 1804 fiat,
1961 1756 2188 1807 eamque

297 1833 365 1883 ob
420 1845 638 1881 causam
696 1835 915 1881 cernant
969 1843 1058 1879 eos
1114 1842 1312 1893 magna
1366 1833 1631 1880 terrarum
1682 1829 1857 1894 spatia
1906 1828 2189 1892 marisque

302 1916 684 1980 transmittere,
724 1929 827 1965 nec
862 1911 993 1964 ullis
1031 1913 1296 1964 deterreri
1337 1913 1725 1976 incommodis,
1768 1914 2069 1978 quominus
2120 1910 2189 1962 ad

299 2014 585 2052 romanam
641 1999 949 2051 cathedram
1009 1996 1278 2060 advolent,
1342 2003 1404 2048 ut
1458 1998 1516 2049 in
1573 1998 1798 2051 Nostrae
1852 1996 2189 2048 humilitatis

300 2343 526 2390 ramente
557 2341 912 2399 comprendere
945 2354 1049 2387 non
1081 2352 1213 2388 esser
1243 2341 1477 2400 possibile
1510 2341 1897 2402 scompaginare
1918 2354 2025 2390 una
2044 2341 2192 2390 tanta

305 2416 696 2475 congegnatura
742 2415 793 2461 di
837 2415 966 2462 forze
986 2450 999 2474 ,
1032 2415 1124 2462 che
1170 2417 1219 2461 lo
1250 2416 1426 2474 spirito
1457 2429 1484 2462 e
1513 2417 1563 2462 la
1596 2416 1773 2463 divina
1802 2415 1943 2463 virtu
1974 2417 2024 2463 di
2057 2417 2192 2463 Gesu

303 2489 464 2537 Cristo
495 2488 697 2537 costitui
728 2501 875 2548 sopra
904 2490 954 2535 la
985 2490 1147 2547 pietra
1180 2489 1570 2548 dell'apostolica
1591 2490 1929 2538 Confessione.
1964 2489 2016 2536 Si
2037 2491 2191 2550 certO,

303 2563 592 2610 Venerabili
637 2563 858 2622 Fratelli,
891 2574 943 2609 se
989 2563 1118 2609 altra
1163 2563 1326 2622 volta,
1361 2576 1448 2610 ora
1494 2564 1585 2622 piu
1630 2563 1721 2611 che
1766 2564 1870 2610 mai
1915 2564 2196 2611 dev'essere

306 2635 539 2682 evidente
571 2647 600 2680 a
630 2635 754 2682 tutti
776 2635 850 2693 gli
872 2636 1087 2694 uomini,
1112 2635 1202 2682 che
1233 2636 1305 2683 ivi
1335 2638 1438 2683 solo
1468 2636 1570 2695 puo
1593 2649 1715 2684 aver
1743 2638 1899 2695 luogo
1919 2650 1993 2683 un
2013 2637 2195 2684 intimo

305 2708 766 2767 congiungimento
813 2709 864 2754 di
911 2709 1087 2768 animi,
1121 2710 1247 2757 dove
1295 2711 1448 2769 regni
1495 2723 1642 2768 sopra
1685 2711 1810 2757 tutti
1850 2712 1886 2756 il
1934 2712 2039 2757 solo
2069 2711 2131 2757 ed
2159 2711 2196 2755 il

306 2782 574 2828 medesimo
619 2782 794 2840 spirito
841 2783 891 2828 di
920 2783 1043 2842 Dio;
1075 2795 1165 2840 per
1211 2785 1464 2831 contrario
1505 2785 1615 2844 che,
1649 2785 2003 2832 abbandonato
2033 2786 2126 2832 Dio
2169 2797 2197 2831 e

307 2855 611 2913 disprezzata
638 2855 898 2903 l'autorita
943 2857 1072 2903 della
1103 2856 1298 2916 Chiesa,
1332 2859 1407 2916 gli
1454 2859 1649 2905 uomini
1697 2860 1882 2907 frodati
1933 2861 1983 2907 di
2031 2861 2198 2919 quella

306 2929 506 2988 felicita,
539 2929 630 2976 che
661 2941 871 2976 cercano
890 2942 980 2988 per
1010 2943 1176 2977 mezzo
1198 2931 1275 2977 de’
1297 2932 1475 2991 delitti,
1495 2944 1616 2979 sono
1638 2934 1990 2981 miseramente
2012 2933 2198 2993 agitati

309 3001 374 3047 da
401 3002 739 3049 torbidissime
767 3004 1011 3062 tempeste
1042 3017 1070 3050 e
1101 3004 1165 3050 da
1195 3004 1402 3051 dissidii.

366 3076 465 3133 Ma,
497 3087 549 3121 se
580 3076 623 3122 si
651 3075 720 3121 ha
749 3076 993 3134 riguardo
1024 3078 1123 3123 alla
1154 3090 1369 3125 comune
1398 3078 1570 3126 utilita
1601 3080 1678 3127 de’
1701 3081 1866 3140 fedeli,
1899 3082 2019 3141 qual
2062 3092 2194 3140 cosa,

310 3147 598 3195 Venerabili
627 3149 830 3196 Fratelli
849 3184 862 3209 ,
894 3149 995 3208 puo
1040 3151 1250 3198 riuscire
1297 3153 1391 3200 alle
1436 3155 1751 3212 popolazioni
1796 3155 2064 3202 cattoliche
2107 3152 2199 3213 piu

310 3223 594 3280 opportuna
624 3234 651 3268 e
680 3221 771 3281 piu
800 3225 1036 3283 salutare,
1069 3237 1159 3282 per
1190 3237 1410 3273 crescere
1456 3227 1512 3272 in
1560 3228 1820 3275 divozione
1862 3239 2007 3275 verso
2047 3228 2140 3275 Noi
2171 3239 2198 3274 e

309 3296 359 3342 la
389 3295 614 3343 cattedra
645 3296 934 3356 apostolica,
970 3297 1061 3344 che
1093 3299 1273 3346 vedere
1303 3300 1358 3345 in
1390 3300 1584 3359 quanta
1629 3301 1780 3347 stima
1824 3302 1842 3346 i
1870 3303 1975 3348 loro
2005 3301 2200 3348 Pastori

312 3368 528 3415 abbiano
556 3369 574 3414 i
606 3369 768 3416 dii-itti
813 3383 840 3417 e
888 3372 939 3416 la
968 3371 1159 3417 santita
1189 3372 1457 3419 dell’unita
1502 3374 1764 3435 cattolica3
1811 3388 1839 3423 e
1883 3387 1973 3433 per
2019 3374 2199 3434 questa

312 3441 526 3500 cagione
556 3442 747 3488 mirarli
777 3444 1080 3492 trascorrcre
1111 3446 1299 3503 grandi
1331 3445 1555 3494 distanze
1586 3447 1637 3493 di
1665 3447 1798 3494 terre
1829 3460 1856 3494 e
1887 3448 1937 3494 di
1957 3459 2114 3506 mare,
2133 3445 2200 3493 ne

313 3526 475 3562 essere
505 3515 814 3574 sgomentati
843 3530 932 3575 per
963 3518 1125 3564 niuna
1155 3518 1291 3565 sorta
1323 3519 1374 3565 di
1404 3520 1571 3578 disagi
1603 3521 1654 3566 di
1684 3532 1938 3568 accorrere
1969 3522 2066 3567 alla
2086 3520 2200 3567 Cat-

313 3588 457 3638 tedra
487 3600 714 3652 romana,
748 3601 778 3636 a
807 3590 910 3638 fine
941 3591 991 3637 di
1012 3603 1254 3640 venerare
1285 3593 1418 3639 nella
1437 3605 1652 3652 persona
1674 3594 1802 3642 della
1822 3594 2000 3643 Nostra
2021 3593 2202 3642 umilta
