<?xml version="1.0" encoding="UTF-8"?>
<!DOCTYPE html PUBLIC "-//W3C//DTD XHTML 1.0 Transitional//EN"
    "http://www.w3.org/TR/xhtml1/DTD/xhtml1-transitional.dtd">
<html xmlns="http://www.w3.org/1999/xhtml" xml:lang="en" lang="en">
 <head>
  <title>
</title>
<meta http-equiv="Content-Type" content="text/html;charset=utf-8" />
  <meta name='ocr-system' content='tesseract 3.04.00' />
  <meta name='ocr-capabilities' content='ocr_page ocr_carea ocr_par ocr_line ocrx_word'/>
</head>
<body>
  <div class='ocr_page' id='page_1' title='image "a611569200vatiuoft_0117.png"; bbox 0 0 2488 4290; ppageno 0'>
   <div class='ocr_carea' id='block_1_1' title="bbox 1213 376 2206 561">
    <p class='ocr_par' dir='ltr' id='par_1_1' title="bbox 1213 376 2206 561">
     <span class='ocr_line' id='line_1_1' title="bbox 2124 376 2206 426; baseline 0.012 -1"><span class='ocrx_word' id='word_1_1' title='bbox 2124 376 2206 426; x_wconf 90' lang='lat'>111</span> 
     </span>
     <span class='ocr_line' id='line_1_2' title="bbox 1213 506 1294 561; baseline 0.012 -2"><span class='ocrx_word' id='word_1_2' title='bbox 1213 506 1294 561; x_wconf 90' lang='lat' dir='ltr'>IV.</span> 
     </span>
    </p>
   </div>
   <div class='ocr_carea' id='block_1_2' title="bbox 438 665 2061 732">
    <p class='ocr_par' dir='ltr' id='par_1_2' title="bbox 438 665 2061 732">
     <span class='ocr_line' id='line_1_3' title="bbox 438 665 2061 732; baseline 0 -14"><span class='ocrx_word' id='word_1_3' title='bbox 438 667 504 718; x_wconf 81' lang='lat' dir='ltr'>De</span> <span class='ocrx_word' id='word_1_4' title='bbox 532 666 706 718; x_wconf 77' lang='lat' dir='ltr'>ordine</span> <span class='ocrx_word' id='word_1_5' title='bbox 728 666 941 728; x_wconf 72' lang='lat' dir='ltr'>sedendi,</span> <span class='ocrx_word' id='word_1_6' title='bbox 986 674 1030 719; x_wconf 85' lang='lat' dir='ltr'>et</span> <span class='ocrx_word' id='word_1_7' title='bbox 1054 666 1110 717; x_wconf 81' lang='lat' dir='ltr'>de</span> <span class='ocrx_word' id='word_1_8' title='bbox 1135 679 1238 717; x_wconf 82' lang='lat' dir='ltr'>non</span> <span class='ocrx_word' id='word_1_9' title='bbox 1263 665 1519 730; x_wconf 76' lang='lat' dir='ltr'>inferendo</span> <span class='ocrx_word' id='word_1_10' title='bbox 1545 666 1702 717; x_wconf 74' lang='lat' dir='ltr'>alicui</span> <span class='ocrx_word' id='word_1_11' title='bbox 1734 667 2061 732; x_wconf 78' lang='lat' dir='ltr'>praeiudicio.</span> 
     </span>
    </p>
   </div>
   <div class='ocr_carea' id='block_1_3' title="bbox 298 821 2214 2180">
    <p class='ocr_par' dir='ltr' id='par_1_3' title="bbox 298 821 2213 1321">
     <span class='ocr_line' id='line_1_4' title="bbox 372 821 2211 889; baseline -0.003 -9"><span class='ocrx_word' id='word_1_12' title='bbox 372 828 504 880; x_wconf 90' lang='lat' dir='ltr'>Cum</span> <span class='ocrx_word' id='word_1_13' title='bbox 532 824 601 878; x_wconf 91' lang='lat' dir='ltr'>ad</span> <span class='ocrx_word' id='word_1_14' title='bbox 634 821 1087 888; x_wconf 77' lang='lat' dir='ltr'>tranquillitatem</span> <span class='ocrx_word' id='word_1_15' title='bbox 1116 821 1572 889; x_wconf 84' lang='lat' dir='ltr'><strong>concordiamque</strong></span> <span class='ocrx_word' id='word_1_16' title='bbox 1599 823 1919 874; x_wconf 84' lang='lat' dir='ltr'>animorum</span> <span class='ocrx_word' id='word_1_17' title='bbox 1952 824 2211 874; x_wconf 88' lang='lat' dir='ltr'>tuendam</span> 
     </span>
     <span class='ocr_line' id='line_1_5' title="bbox 300 908 2212 981; baseline -0.004 -14"><span class='ocrx_word' id='word_1_18' title='bbox 300 930 412 968; x_wconf 83' lang='lat' dir='ltr'>non</span> <span class='ocrx_word' id='word_1_19' title='bbox 452 927 650 981; x_wconf 87' lang='lat' dir='ltr'>parum</span> <span class='ocrx_word' id='word_1_20' title='bbox 689 910 963 962; x_wconf 78' lang='lat' dir='ltr'><strong>momenti</strong></span> <span class='ocrx_word' id='word_1_21' title='bbox 1001 910 1219 975; x_wconf 83' lang='lat' dir='ltr'>habeat,</span> <span class='ocrx_word' id='word_1_22' title='bbox 1263 909 1309 959; x_wconf 91' lang='lat' dir='ltr'>si</span> <span class='ocrx_word' id='word_1_23' title='bbox 1350 909 1410 960; x_wconf 92' lang='lat' dir='ltr'>in</span> <span class='ocrx_word' id='word_1_24' title='bbox 1440 908 1780 975; x_wconf 84' lang='lat' dir='ltr'>quibuslibet</span> <span class='ocrx_word' id='word_1_25' title='bbox 1816 908 2212 959; x_wconf 87' lang='lat' dir='ltr'>Conciliaribus</span> 
     </span>
     <span class='ocr_line' id='line_1_6' title="bbox 300 991 2213 1064; baseline -0.005 -11"><span class='ocrx_word' id='word_1_26' title='bbox 300 999 547 1064; x_wconf 87' lang='lat' dir='ltr'>actibus,</span> <span class='ocrx_word' id='word_1_27' title='bbox 609 995 995 1062; x_wconf 86' lang='lat' dir='ltr'>unusquisque</span> <span class='ocrx_word' id='word_1_28' title='bbox 1058 1010 1191 1047; x_wconf 89' lang='lat' dir='ltr'>suae</span> <span class='ocrx_word' id='word_1_29' title='bbox 1255 994 1541 1060; x_wconf 75' lang='lat' dir='ltr'>dignitatis</span> <span class='ocrx_word' id='word_1_30' title='bbox 1578 994 1836 1046; x_wconf 83' lang='lat' dir='ltr'>ordinem</span> <span class='ocrx_word' id='word_1_31' title='bbox 1879 991 2115 1045; x_wconf 83' lang='lat' dir='ltr'>fideliter</span> <span class='ocrx_word' id='word_1_32' title='bbox 2151 1008 2213 1044; x_wconf 85' lang='lat' dir='ltr'>ac</span> 
     </span>
     <span class='ocr_line' id='line_1_7' title="bbox 298 1079 2211 1150; baseline -0.005 -12"><span class='ocrx_word' id='word_1_33' title='bbox 298 1085 544 1138; x_wconf 83' lang='lat' dir='ltr'>modeste</span> <span class='ocrx_word' id='word_1_34' title='bbox 583 1083 881 1136; x_wconf 90' lang='lat' dir='ltr'>custodiat:</span> <span class='ocrx_word' id='word_1_35' title='bbox 941 1080 1078 1132; x_wconf 90' lang='lat' dir='ltr'>hinc</span> <span class='ocrx_word' id='word_1_36' title='bbox 1114 1081 1182 1132; x_wconf 86' lang='lat' dir='ltr'>ad</span> <span class='ocrx_word' id='word_1_37' title='bbox 1223 1079 1595 1132; x_wconf 85' lang='lat' dir='ltr'>offensionum</span> <span class='ocrx_word' id='word_1_38' title='bbox 1635 1080 1981 1150; x_wconf 77' lang='lat' dir='ltr'>occasione-S,</span> <span class='ocrx_word' id='word_1_39' title='bbox 2029 1079 2211 1144; x_wconf 89' lang='lat' dir='ltr'>quoad</span> 
     </span>
     <span class='ocr_line' id='line_1_8' title="bbox 300 1164 2211 1238; baseline -0.003 -15"><span class='ocrx_word' id='word_1_40' title='bbox 300 1172 421 1223; x_wconf 91' lang='lat' dir='ltr'>eius</span> <span class='ocrx_word' id='word_1_41' title='bbox 458 1171 576 1222; x_wconf 88' lang='lat' dir='ltr'>fleri</span> <span class='ocrx_word' id='word_1_42' title='bbox 613 1170 802 1238; x_wconf 84' lang='lat' dir='ltr'>possit,</span> <span class='ocrx_word' id='word_1_43' title='bbox 846 1166 1277 1234; x_wconf 87' lang='lat' dir='ltr'>praecidendas,</span> <span class='ocrx_word' id='word_1_44' title='bbox 1324 1166 1735 1232; x_wconf 86' lang='lat' dir='ltr'>infrascriptum</span> <span class='ocrx_word' id='word_1_45' title='bbox 1775 1164 2026 1217; x_wconf 84' lang='lat' dir='ltr'>ordinem</span> <span class='ocrx_word' id='word_1_46' title='bbox 2065 1165 2211 1218; x_wconf 84' lang='lat' dir='ltr'>inter</span> 
     </span>
     <span class='ocr_line' id='line_1_9' title="bbox 301 1253 1591 1321; baseline -0.005 -11"><span class='ocrx_word' id='word_1_47' title='bbox 301 1259 537 1311; x_wconf 87' lang='lat' dir='ltr'>diversas</span> <span class='ocrx_word' id='word_1_48' title='bbox 573 1256 871 1321; x_wconf 81' lang='lat' dir='ltr'>dignitates</span> <span class='ocrx_word' id='word_1_49' title='bbox 906 1253 1106 1305; x_wconf 86' lang='lat' dir='ltr'>servari</span> <span class='ocrx_word' id='word_1_50' title='bbox 1146 1253 1591 1320; x_wconf 78' lang='lat' dir='ltr'>praescribimus,</span> 
     </span>
    </p>

    <p class='ocr_par' dir='ltr' id='par_1_4' title="bbox 299 1336 2214 2180">
     <span class='ocr_line' id='line_1_10' title="bbox 370 1336 2203 1399; baseline -0.004 -5"><span class='ocrx_word' id='word_1_51' title='bbox 370 1344 615 1395; x_wconf 90' lang='lat' dir='ltr'>Primum</span> <span class='ocrx_word' id='word_1_52' title='bbox 652 1340 839 1392; x_wconf 91' lang='lat' dir='ltr'>locum</span> <span class='ocrx_word' id='word_1_53' title='bbox 869 1339 1199 1391; x_wconf 84' lang='lat' dir='ltr'>obtinebunt</span> <span class='ocrx_word' id='word_1_54' title='bbox 1223 1337 1326 1390; x_wconf 91' lang='lat' dir='ltr'>VV.</span> <span class='ocrx_word' id='word_1_55' title='bbox 1359 1338 1451 1389; x_wconf 79' lang='lat' dir='ltr'>FF.</span> <span class='ocrx_word' id='word_1_56' title='bbox 1483 1338 1579 1391; x_wconf 91' lang='lat' dir='ltr'>NN.</span> <span class='ocrx_word' id='word_1_57' title='bbox 1619 1337 1668 1389; x_wconf 89' lang='lat' dir='ltr'>S.</span> <span class='ocrx_word' id='word_1_58' title='bbox 1700 1338 1756 1389; x_wconf 89' lang='lat' dir='ltr'>R.</span> <span class='ocrx_word' id='word_1_59' title='bbox 1789 1339 1840 1388; x_wconf 84' lang='lat' dir='ltr'>E.</span> <span class='ocrx_word' id='word_1_60' title='bbox 1874 1336 2203 1399; x_wconf 75' lang='lat' dir='ltr'>CardinaleS,</span> 
     </span>
     <span class='ocr_line' id='line_1_11' title="bbox 300 1422 2212 1498; baseline -0.006 -15"><span class='ocrx_word' id='word_1_61' title='bbox 300 1428 560 1498; x_wconf 86' lang='lat' dir='ltr'>Episcopi,</span> <span class='ocrx_word' id='word_1_62' title='bbox 603 1426 953 1491; x_wconf 80' lang='lat' dir='ltr'>Presbyteri,</span> <span class='ocrx_word' id='word_1_63' title='bbox 1018 1424 1260 1476; x_wconf 90' lang='lat' dir='ltr'>Diaconi.</span> <span class='ocrx_word' id='word_1_64' title='bbox 1306 1423 1624 1475; x_wconf 86' lang='lat' dir='ltr'>Secundum</span> <span class='ocrx_word' id='word_1_65' title='bbox 1660 1422 2022 1474; x_wconf 80' lang='lat' dir='ltr'>patriarchae.</span> <span class='ocrx_word' id='word_1_66' title='bbox 2084 1422 2212 1473; x_wconf 90' lang='lat' dir='ltr'>Ter-</span> 
     </span>
     <span class='ocr_line' id='line_1_12' title="bbox 303 1508 2207 1581; baseline -0.005 -14"><span class='ocrx_word' id='word_1_67' title='bbox 303 1517 460 1581; x_wconf 88' lang='lat' dir='ltr'>tium,</span> <span class='ocrx_word' id='word_1_68' title='bbox 504 1530 564 1565; x_wconf 87' lang='lat' dir='ltr'>ex</span> <span class='ocrx_word' id='word_1_69' title='bbox 589 1511 810 1580; x_wconf 87' lang='lat' dir='ltr'>speciali</span> <span class='ocrx_word' id='word_1_70' title='bbox 834 1511 1027 1564; x_wconf 89' lang='lat' dir='ltr'>Nostra</span> <span class='ocrx_word' id='word_1_71' title='bbox 1052 1508 1420 1575; x_wconf 86' lang='lat' dir='ltr'>indulgentia,</span> <span class='ocrx_word' id='word_1_72' title='bbox 1453 1510 1737 1575; x_wconf 83' lang='lat' dir='ltr'>PrimateS,</span> <span class='ocrx_word' id='word_1_73' title='bbox 1780 1510 1930 1560; x_wconf 80' lang='lat' dir='ltr'>iuxta</span> <span class='ocrx_word' id='word_1_74' title='bbox 1957 1509 2207 1560; x_wconf 89' lang='lat' dir='ltr'>ordinem</span> 
     </span>
     <span class='ocr_line' id='line_1_13' title="bbox 301 1594 2213 1667; baseline -0.005 -13"><span class='ocrx_word' id='word_1_75' title='bbox 301 1616 430 1654; x_wconf 86' lang='lat' dir='ltr'>suae</span> <span class='ocrx_word' id='word_1_76' title='bbox 465 1598 832 1667; x_wconf 84' lang='lat' dir='ltr'>promotionis</span> <span class='ocrx_word' id='word_1_77' title='bbox 872 1597 941 1648; x_wconf 86' lang='lat' dir='ltr'>ad</span> <span class='ocrx_word' id='word_1_78' title='bbox 978 1594 1354 1647; x_wconf 81' lang='lat' dir='ltr'>Primatialem</span> <span class='ocrx_word' id='word_1_79' title='bbox 1394 1595 1642 1661; x_wconf 87' lang='lat' dir='ltr'>gradum.</span> <span class='ocrx_word' id='word_1_80' title='bbox 1673 1595 1734 1646; x_wconf 90' lang='lat' dir='ltr'>Id</span> <span class='ocrx_word' id='word_1_81' title='bbox 1761 1600 1944 1646; x_wconf 90' lang='lat' dir='ltr'>autem</span> <span class='ocrx_word' id='word_1_82' title='bbox 1986 1610 2082 1661; x_wconf 90' lang='lat' dir='ltr'>pro</span> <span class='ocrx_word' id='word_1_83' title='bbox 2109 1594 2213 1645; x_wconf 89' lang='lat' dir='ltr'>hac</span> 
     </span>
     <span class='ocr_line' id='line_1_14' title="bbox 299 1681 2213 1747; baseline -0.005 -8"><span class='ocrx_word' id='word_1_84' title='bbox 299 1689 415 1739; x_wconf 90' lang='lat' dir='ltr'>vice</span> <span class='ocrx_word' id='word_1_85' title='bbox 456 1691 673 1738; x_wconf 82' lang='lat' dir='ltr'>tantum</span> <span class='ocrx_word' id='word_1_86' title='bbox 710 1682 1071 1746; x_wconf 87' lang='lat' dir='ltr'>indulgemus</span> <span class='ocrx_word' id='word_1_87' title='bbox 1092 1720 1108 1747; x_wconf 95' lang='lat'>,</span> <span class='ocrx_word' id='word_1_88' title='bbox 1152 1687 1316 1747; x_wconf 81' lang='lat' dir='ltr'>atque</span> <span class='ocrx_word' id='word_1_89' title='bbox 1353 1681 1461 1743; x_wconf 90' lang='lat' dir='ltr'>ita,</span> <span class='ocrx_word' id='word_1_90' title='bbox 1520 1687 1582 1732; x_wconf 91' lang='lat' dir='ltr'>ut</span> <span class='ocrx_word' id='word_1_91' title='bbox 1618 1695 1679 1733; x_wconf 86' lang='lat' dir='ltr'>ex</span> <span class='ocrx_word' id='word_1_92' title='bbox 1715 1681 1821 1732; x_wconf 86' lang='lat' dir='ltr'>hac</span> <span class='ocrx_word' id='word_1_93' title='bbox 1855 1681 2046 1734; x_wconf 88' lang='lat' dir='ltr'>Nostra</span> <span class='ocrx_word' id='word_1_94' title='bbox 2083 1695 2213 1731; x_wconf 90' lang='lat' dir='ltr'>con-</span> 
     </span>
     <span class='ocr_line' id='line_1_15' title="bbox 301 1766 2211 1834; baseline -0.005 -8"><span class='ocrx_word' id='word_1_95' title='bbox 301 1775 549 1832; x_wconf 83' lang='lat' dir='ltr'>cessione</span> <span class='ocrx_word' id='word_1_96' title='bbox 586 1769 812 1822; x_wconf 84' lang='lat' dir='ltr'>nullum</span> <span class='ocrx_word' id='word_1_97' title='bbox 849 1770 938 1820; x_wconf 89' lang='lat' dir='ltr'>ius</span> <span class='ocrx_word' id='word_1_98' title='bbox 974 1767 1064 1820; x_wconf 92' lang='lat' dir='ltr'>vel</span> <span class='ocrx_word' id='word_1_99' title='bbox 1100 1767 1233 1834; x_wconf 87' lang='lat' dir='ltr'>ipsis</span> <span class='ocrx_word' id='word_1_100' title='bbox 1270 1767 1606 1819; x_wconf 88' lang='lat' dir='ltr'>Primatibus</span> <span class='ocrx_word' id='word_1_101' title='bbox 1644 1768 1839 1819; x_wconf 87' lang='lat' dir='ltr'>datum</span> <span class='ocrx_word' id='word_1_102' title='bbox 1864 1806 1878 1831; x_wconf 92' lang='lat'>‚</span> <span class='ocrx_word' id='word_1_103' title='bbox 1937 1766 2025 1818; x_wconf 90' lang='lat' dir='ltr'>vel</span> <span class='ocrx_word' id='word_1_104' title='bbox 2087 1766 2211 1817; x_wconf 88' lang='lat' dir='ltr'>aliis</span> 
     </span>
     <span class='ocr_line' id='line_1_16' title="bbox 300 1849 2212 1914; baseline -0.004 -4"><span class='ocrx_word' id='word_1_105' title='bbox 300 1849 664 1911; x_wconf 86' lang='lat' dir='ltr'>imminutum</span> <span class='ocrx_word' id='word_1_106' title='bbox 685 1855 898 1908; x_wconf 90' lang='lat' dir='ltr'>censeri</span> <span class='ocrx_word' id='word_1_107' title='bbox 925 1855 1136 1907; x_wconf 90' lang='lat' dir='ltr'>debeat.</span> <span class='ocrx_word' id='word_1_108' title='bbox 1166 1853 1430 1914; x_wconf 84' lang='lat' dir='ltr'>Quartum</span> <span class='ocrx_word' id='word_1_109' title='bbox 1463 1851 1652 1905; x_wconf 89' lang='lat' dir='ltr'>locum</span> <span class='ocrx_word' id='word_1_110' title='bbox 1688 1854 1957 1906; x_wconf 88' lang='lat' dir='ltr'>tenebunt</span> <span class='ocrx_word' id='word_1_111' title='bbox 1989 1852 2212 1904; x_wconf 82' lang='lat' dir='ltr'>Archie-</span> 
     </span>
     <span class='ocr_line' id='line_1_17' title="bbox 299 1938 2204 2013; baseline -0.005 -16"><span class='ocrx_word' id='word_1_112' title='bbox 299 1945 528 2013; x_wconf 89' lang='lat' dir='ltr'>piscopi,</span> <span class='ocrx_word' id='word_1_113' title='bbox 555 1943 704 1994; x_wconf 84' lang='lat' dir='ltr'>iuxta</span> <span class='ocrx_word' id='word_1_114' title='bbox 721 1956 851 1993; x_wconf 90' lang='lat' dir='ltr'>suae</span> <span class='ocrx_word' id='word_1_115' title='bbox 878 1941 947 1993; x_wconf 90' lang='lat' dir='ltr'>ad</span> <span class='ocrx_word' id='word_1_116' title='bbox 971 1939 1510 2007; x_wconf 87' lang='lat' dir='ltr'>Archiepiscopatum</span> <span class='ocrx_word' id='word_1_117' title='bbox 1531 1939 1899 2007; x_wconf 86' lang='lat' dir='ltr'>promotionis</span> <span class='ocrx_word' id='word_1_118' title='bbox 1934 1938 2204 1991; x_wconf 91' lang='lat' dir='ltr'>ordinem.</span> 
     </span>
     <span class='ocr_line' id='line_1_18' title="bbox 302 2023 2213 2096; baseline -0.004 -15"><span class='ocrx_word' id='word_1_119' title='bbox 302 2030 597 2094; x_wconf 84' lang='lat' dir='ltr'>Quintum,</span> <span class='ocrx_word' id='word_1_120' title='bbox 644 2028 922 2096; x_wconf 74' lang='lat' dir='ltr'>Episcopi,</span> <span class='ocrx_word' id='word_1_121' title='bbox 968 2042 1031 2079; x_wconf 89' lang='lat' dir='ltr'>ac</span> <span class='ocrx_word' id='word_1_122' title='bbox 1072 2026 1276 2092; x_wconf 86' lang='lat' dir='ltr'>pariter</span> <span class='ocrx_word' id='word_1_123' title='bbox 1332 2027 1485 2078; x_wconf 83' lang='lat' dir='ltr'>iuxta</span> <span class='ocrx_word' id='word_1_124' title='bbox 1541 2025 1793 2078; x_wconf 89' lang='lat' dir='ltr'>ordinem</span> <span class='ocrx_word' id='word_1_125' title='bbox 1844 2023 2213 2092; x_wconf 91' lang='lat' dir='ltr'>promotionis</span> 
     </span>
     <span class='ocr_line' id='line_1_19' title="bbox 303 2110 2214 2180; baseline -0.004 -12"><span class='ocrx_word' id='word_1_126' title='bbox 303 2131 450 2168; x_wconf 86' lang='lat' dir='ltr'>suae.</span> <span class='ocrx_word' id='word_1_127' title='bbox 488 2114 733 2178; x_wconf 86' lang='lat' dir='ltr'>Sextum,</span> <span class='ocrx_word' id='word_1_128' title='bbox 779 2114 1004 2166; x_wconf 80' lang='lat' dir='ltr'>Abbates</span> <span class='ocrx_word' id='word_1_129' title='bbox 1041 2110 1259 2166; x_wconf 89' lang='lat' dir='ltr'>Nullius</span> <span class='ocrx_word' id='word_1_130' title='bbox 1295 2113 1577 2167; x_wconf 79' lang='lat' dir='ltr'>DioecesiS.</span> <span class='ocrx_word' id='word_1_131' title='bbox 1623 2112 1950 2180; x_wconf 85' lang='lat' dir='ltr'>Septimum,</span> <span class='ocrx_word' id='word_1_132' title='bbox 1988 2111 2214 2164; x_wconf 82' lang='lat' dir='ltr'>Abbates</span> 
     </span>
    </p>
   </div>
   <div class='ocr_carea' id='block_1_4' title="bbox 1209 2396 1293 2441">
    <p class='ocr_par' dir='ltr' id='par_1_5' title="bbox 1209 2396 1293 2441">
     <span class='ocr_line' id='line_1_20' title="bbox 1209 2396 1293 2441; baseline 0 0"><span class='ocrx_word' id='word_1_133' title='bbox 1209 2396 1293 2441; x_wconf 88' lang='lat' dir='ltr'>IV.</span> 
     </span>
    </p>
   </div>
   <div class='ocr_carea' id='block_1_5' title="bbox 374 2526 2143 2599">
    <p class='ocr_par' dir='ltr' id='par_1_6' title="bbox 374 2526 2143 2599">
     <span class='ocr_line' id='line_1_21' title="bbox 374 2526 2143 2599; baseline -0.004 -18"><span class='ocrx_word' id='word_1_134' title='bbox 374 2531 680 2581; x_wconf 78' lang='lat' dir='ltr'>Dell’ordine</span> <span class='ocrx_word' id='word_1_135' title='bbox 719 2530 800 2579; x_wconf 82' lang='lat' dir='ltr'>del</span> <span class='ocrx_word' id='word_1_136' title='bbox 834 2530 998 2580; x_wconf 76' lang='lat' dir='ltr'>sedere</span> <span class='ocrx_word' id='word_1_137' title='bbox 1035 2542 1059 2578; x_wconf 82' lang='lat' dir='ltr'>e</span> <span class='ocrx_word' id='word_1_138' title='bbox 1086 2529 1167 2577; x_wconf 78' lang='lat' dir='ltr'>del</span> <span class='ocrx_word' id='word_1_139' title='bbox 1198 2538 1292 2599; x_wconf 67' lang='lat' dir='ltr'>non</span> <span class='ocrx_word' id='word_1_140' title='bbox 1320 2538 1490 2576; x_wconf 72' lang='lat' dir='ltr'>recare</span> <span class='ocrx_word' id='word_1_141' title='bbox 1512 2526 1826 2588; x_wconf 71' lang='lat' dir='ltr'>preqiudizio</span> <span class='ocrx_word' id='word_1_142' title='bbox 1862 2538 1894 2575; x_wconf 82' lang='lat' dir='ltr'>a</span> <span class='ocrx_word' id='word_1_143' title='bbox 1921 2538 2143 2574; x_wconf 74' lang='lat' dir='ltr'>nessuno.</span> 
     </span>
    </p>
   </div>
   <div class='ocr_carea' id='block_1_6' title="bbox 302 2658 2217 3694">
    <p class='ocr_par' dir='ltr' id='par_1_7' title="bbox 302 2658 2217 3017">
     <span class='ocr_line' id='line_1_22' title="bbox 363 2658 2217 2723; baseline -0.003 -12"><span class='ocrx_word' id='word_1_144' title='bbox 363 2665 630 2713; x_wconf 84' lang='lat' dir='ltr'>Giovando</span> <span class='ocrx_word' id='word_1_145' title='bbox 661 2678 767 2712; x_wconf 87' lang='lat' dir='ltr'>non</span> <span class='ocrx_word' id='word_1_146' title='bbox 799 2670 923 2723; x_wconf 89' lang='lat' dir='ltr'>poco</span> <span class='ocrx_word' id='word_1_147' title='bbox 946 2676 976 2710; x_wconf 87' lang='lat' dir='ltr'>a</span> <span class='ocrx_word' id='word_1_148' title='bbox 998 2674 1299 2710; x_wconf 85' lang='lat' dir='ltr'>conservare</span> <span class='ocrx_word' id='word_1_149' title='bbox 1322 2662 1370 2707; x_wconf 86' lang='lat' dir='ltr'>la</span> <span class='ocrx_word' id='word_1_150' title='bbox 1392 2660 1714 2721; x_wconf 75' lang='lat' dir='ltr'>tranquillita</span> <span class='ocrx_word' id='word_1_151' title='bbox 1736 2673 1762 2707; x_wconf 93' lang='lat' dir='ltr'>e</span> <span class='ocrx_word' id='word_1_152' title='bbox 1785 2659 2053 2707; x_wconf 87' lang='lat' dir='ltr'>concordia</span> <span class='ocrx_word' id='word_1_153' title='bbox 2077 2658 2217 2719; x_wconf 85' lang='lat' dir='ltr'>degli</span> 
     </span>
     <span class='ocr_line' id='line_1_23' title="bbox 303 2733 2217 2798; baseline -0.003 -11"><span class='ocrx_word' id='word_1_154' title='bbox 303 2734 494 2798; x_wconf 82' lang='lat' dir='ltr'>animi,&#39;</span> <span class='ocrx_word' id='word_1_155' title='bbox 514 2739 608 2786; x_wconf 87' lang='lat' dir='ltr'>che</span> <span class='ocrx_word' id='word_1_156' title='bbox 639 2739 694 2784; x_wconf 90' lang='lat' dir='ltr'>in</span> <span class='ocrx_word' id='word_1_157' title='bbox 717 2738 843 2785; x_wconf 90' lang='lat' dir='ltr'>tutti</span> <span class='ocrx_word' id='word_1_158' title='bbox 865 2737 941 2797; x_wconf 82' lang='lat' dir='ltr'>gli</span> <span class='ocrx_word' id='word_1_159' title='bbox 963 2737 1058 2784; x_wconf 85' lang='lat' dir='ltr'>atti</span> <span class='ocrx_word' id='word_1_160' title='bbox 1080 2735 1351 2783; x_wconf 83' lang='lat' dir='ltr'>Conciliari</span> <span class='ocrx_word' id='word_1_161' title='bbox 1374 2747 1590 2794; x_wconf 87' lang='lat' dir='ltr'>ognuno</span> <span class='ocrx_word' id='word_1_162' title='bbox 1612 2733 1896 2782; x_wconf 85' lang='lat' dir='ltr'>custodisca</span> <span class='ocrx_word' id='word_1_163' title='bbox 1915 2734 2217 2781; x_wconf 88' lang='lat' dir='ltr'>fedelmente</span> 
     </span>
     <span class='ocr_line' id='line_1_24' title="bbox 304 2808 2217 2869; baseline -0.004 -6"><span class='ocrx_word' id='word_1_164' title='bbox 304 2828 332 2863; x_wconf 90' lang='lat' dir='ltr'>e</span> <span class='ocrx_word' id='word_1_165' title='bbox 362 2813 763 2861; x_wconf 85' lang='lat' dir='ltr'>modestamente</span> <span class='ocrx_word' id='word_1_166' title='bbox 792 2812 1010 2859; x_wconf 87' lang='lat' dir='ltr'>l’ordine</span> <span class='ocrx_word' id='word_1_167' title='bbox 1042 2812 1173 2858; x_wconf 87' lang='lat' dir='ltr'>della</span> <span class='ocrx_word' id='word_1_168' title='bbox 1194 2822 1289 2857; x_wconf 87' lang='lat' dir='ltr'>sua</span> <span class='ocrx_word' id='word_1_169' title='bbox 1310 2810 1545 2869; x_wconf 74' lang='lat' dir='ltr'>dignita3</span> <span class='ocrx_word' id='word_1_170' title='bbox 1568 2808 1736 2867; x_wconf 85' lang='lat' dir='ltr'>percio</span> <span class='ocrx_word' id='word_1_171' title='bbox 1758 2821 1848 2868; x_wconf 87' lang='lat' dir='ltr'>per</span> <span class='ocrx_word' id='word_1_172' title='bbox 1870 2808 2103 2867; x_wconf 80' lang='lat' dir='ltr'>togliere,</span> <span class='ocrx_word' id='word_1_173' title='bbox 2126 2821 2217 2867; x_wconf 87' lang='lat' dir='ltr'>per</span> 
     </span>
     <span class='ocr_line' id='line_1_25' title="bbox 305 2881 2217 2949; baseline -0.004 -15"><span class='ocrx_word' id='word_1_174' title='bbox 305 2886 500 2949; x_wconf 84' lang='lat' dir='ltr'>quanto</span> <span class='ocrx_word' id='word_1_175' title='bbox 531 2887 574 2933; x_wconf 89' lang='lat' dir='ltr'>si</span> <span class='ocrx_word' id='word_1_176' title='bbox 603 2885 768 2945; x_wconf 77' lang='lat' dir='ltr'>potra,</span> <span class='ocrx_word' id='word_1_177' title='bbox 800 2887 847 2932; x_wconf 92' lang='lat' dir='ltr'>le</span> <span class='ocrx_word' id='word_1_178' title='bbox 879 2885 1133 2932; x_wconf 85' lang='lat' dir='ltr'>occasioni</span> <span class='ocrx_word' id='word_1_179' title='bbox 1164 2885 1215 2931; x_wconf 89' lang='lat' dir='ltr'>di</span> <span class='ocrx_word' id='word_1_180' title='bbox 1249 2885 1419 2942; x_wconf 87' lang='lat' dir='ltr'>offesa‚</span> <span class='ocrx_word' id='word_1_181' title='bbox 1459 2883 1820 2942; x_wconf 86' lang='lat' dir='ltr'>prescriviamo</span> <span class='ocrx_word' id='word_1_182' title='bbox 1865 2881 1958 2929; x_wconf 92' lang='lat' dir='ltr'>che</span> <span class='ocrx_word' id='word_1_183' title='bbox 1999 2882 2043 2929; x_wconf 89' lang='lat' dir='ltr'>si</span> <span class='ocrx_word' id='word_1_184' title='bbox 2086 2882 2217 2929; x_wconf 87' lang='lat' dir='ltr'>serbi</span> 
     </span>
     <span class='ocr_line' id='line_1_26' title="bbox 302 2957 1529 3017; baseline -0.003 -9"><span class='ocrx_word' id='word_1_185' title='bbox 302 2960 518 3009; x_wconf 89' lang='lat' dir='ltr'>l’ordine</span> <span class='ocrx_word' id='word_1_186' title='bbox 547 2960 860 3008; x_wconf 84' lang='lat' dir='ltr'>infrascritto</span> <span class='ocrx_word' id='word_1_187' title='bbox 891 2959 971 3006; x_wconf 88' lang='lat' dir='ltr'>fra</span> <span class='ocrx_word' id='word_1_188' title='bbox 1002 2962 1048 3007; x_wconf 92' lang='lat' dir='ltr'>le</span> <span class='ocrx_word' id='word_1_189' title='bbox 1079 2960 1277 3007; x_wconf 84' lang='lat' dir='ltr'>diverse</span> <span class='ocrx_word' id='word_1_190' title='bbox 1309 2957 1529 3017; x_wconf 75' lang='lat' dir='ltr'>dignita.</span> 
     </span>
    </p>

    <p class='ocr_par' dir='ltr' id='par_1_8' title="bbox 305 3031 2217 3694">
     <span class='ocr_line' id='line_1_27' title="bbox 363 3031 2211 3093; baseline -0.004 -9"><span class='ocrx_word' id='word_1_191' title='bbox 363 3036 670 3084; x_wconf 85' lang='lat' dir='ltr'>Otterranno</span> <span class='ocrx_word' id='word_1_192' title='bbox 700 3035 736 3080; x_wconf 91' lang='lat' dir='ltr'>il</span> <span class='ocrx_word' id='word_1_193' title='bbox 762 3035 925 3093; x_wconf 87' lang='lat' dir='ltr'>primo</span> <span class='ocrx_word' id='word_1_194' title='bbox 943 3036 1100 3093; x_wconf 86' lang='lat' dir='ltr'>luogo</span> <span class='ocrx_word' id='word_1_195' title='bbox 1122 3035 1140 3080; x_wconf 90' lang='lat' dir='ltr'>i</span> <span class='ocrx_word' id='word_1_196' title='bbox 1165 3035 1270 3080; x_wconf 88' lang='lat' dir='ltr'>VV.</span> <span class='ocrx_word' id='word_1_197' title='bbox 1294 3033 1389 3079; x_wconf 90' lang='lat' dir='ltr'>FF.</span> <span class='ocrx_word' id='word_1_198' title='bbox 1413 3034 1517 3079; x_wconf 90' lang='lat' dir='ltr'>NN.</span> <span class='ocrx_word' id='word_1_199' title='bbox 1543 3031 1800 3079; x_wconf 84' lang='lat' dir='ltr'>Cardinali</span> <span class='ocrx_word' id='word_1_200' title='bbox 1822 3031 1952 3079; x_wconf 90' lang='lat' dir='ltr'>della</span> <span class='ocrx_word' id='word_1_201' title='bbox 1976 3032 2026 3078; x_wconf 83' lang='lat' dir='ltr'>S.</span> <span class='ocrx_word' id='word_1_202' title='bbox 2052 3033 2110 3078; x_wconf 89' lang='lat' dir='ltr'>R.</span> <span class='ocrx_word' id='word_1_203' title='bbox 2135 3031 2211 3089; x_wconf 60' lang='lat' dir='ltr'>O„</span> 
     </span>
     <span class='ocr_line' id='line_1_28' title="bbox 305 3106 2217 3169; baseline -0.003 -11"><span class='ocrx_word' id='word_1_204' title='bbox 305 3111 533 3169; x_wconf 80' lang='lat' dir='ltr'>vescovi,</span> <span class='ocrx_word' id='word_1_205' title='bbox 566 3109 718 3168; x_wconf 87' lang='lat' dir='ltr'>Preti,</span> <span class='ocrx_word' id='word_1_206' title='bbox 751 3108 990 3167; x_wconf 82' lang='lat' dir='ltr'>Diaconi3</span> <span class='ocrx_word' id='word_1_207' title='bbox 1022 3109 1058 3154; x_wconf 97' lang='grc'>11</span> <span class='ocrx_word' id='word_1_208' title='bbox 1091 3108 1308 3156; x_wconf 90' lang='lat' dir='ltr'>secondo</span> <span class='ocrx_word' id='word_1_209' title='bbox 1338 3108 1356 3153; x_wconf 94' lang='lat' dir='ltr'>i</span> <span class='ocrx_word' id='word_1_210' title='bbox 1388 3107 1697 3166; x_wconf 80' lang='lat' dir='ltr'>Patriarchi3</span> <span class='ocrx_word' id='word_1_211' title='bbox 1729 3106 1765 3152; x_wconf 90' lang='grc'>11</span> <span class='ocrx_word' id='word_1_212' title='bbox 1795 3106 1950 3165; x_wconf 71' lang='lat' dir='ltr'>term,</span> <span class='ocrx_word' id='word_1_213' title='bbox 1975 3118 2063 3164; x_wconf 88' lang='lat' dir='ltr'>per</span> <span class='ocrx_word' id='word_1_214' title='bbox 2089 3107 2217 3164; x_wconf 91' lang='lat' dir='ltr'>ispe-</span> 
     </span>
     <span class='ocr_line' id='line_1_29' title="bbox 305 3180 2216 3242; baseline -0.003 -9"><span class='ocrx_word' id='word_1_215' title='bbox 305 3186 429 3233; x_wconf 86' lang='lat' dir='ltr'>ciale</span> <span class='ocrx_word' id='word_1_216' title='bbox 460 3184 635 3231; x_wconf 87' lang='lat' dir='ltr'>nostra</span> <span class='ocrx_word' id='word_1_217' title='bbox 664 3182 996 3242; x_wconf 84' lang='lat' dir='ltr'>indulgenza,</span> <span class='ocrx_word' id='word_1_218' title='bbox 1029 3182 1048 3228; x_wconf 92' lang='lat' dir='ltr'>i</span> <span class='ocrx_word' id='word_1_219' title='bbox 1078 3181 1308 3242; x_wconf 88' lang='lat' dir='ltr'>Primati,</span> <span class='ocrx_word' id='word_1_220' title='bbox 1343 3180 1807 3230; x_wconf 65' lang='lat' dir='ltr'>secondol&#39;ordine</span> <span class='ocrx_word' id='word_1_221' title='bbox 1829 3181 1959 3227; x_wconf 87' lang='lat' dir='ltr'>della</span> <span class='ocrx_word' id='word_1_222' title='bbox 1979 3182 2084 3228; x_wconf 88' lang='lat' dir='ltr'>loro</span> <span class='ocrx_word' id='word_1_223' title='bbox 2105 3194 2216 3238; x_wconf 90' lang='lat' dir='ltr'>pro-</span> 
     </span>
     <span class='ocr_line' id='line_1_30' title="bbox 307 3255 2216 3316; baseline -0.003 -10"><span class='ocrx_word' id='word_1_224' title='bbox 307 3259 533 3307; x_wconf 87' lang='lat' dir='ltr'>mozione</span> <span class='ocrx_word' id='word_1_225' title='bbox 564 3259 611 3304; x_wconf 90' lang='lat' dir='ltr'>al</span> <span class='ocrx_word' id='word_1_226' title='bbox 633 3258 796 3316; x_wconf 84' lang='lat' dir='ltr'>grado</span> <span class='ocrx_word' id='word_1_227' title='bbox 818 3256 1128 3303; x_wconf 86' lang='lat' dir='ltr'>Primaziale.</span> <span class='ocrx_word' id='word_1_228' title='bbox 1155 3257 1341 3313; x_wconf 84' lang='lat' dir='ltr'>Questo</span> <span class='ocrx_word' id='word_1_229' title='bbox 1361 3255 1483 3315; x_wconf 83' lang='lat' dir='ltr'>pero</span> <span class='ocrx_word' id='word_1_230' title='bbox 1504 3257 1552 3301; x_wconf 93' lang='grc'>10</span> <span class='ocrx_word' id='word_1_231' title='bbox 1574 3255 1898 3303; x_wconf 87' lang='lat' dir='ltr'>concediamo</span> <span class='ocrx_word' id='word_1_232' title='bbox 1918 3267 2008 3313; x_wconf 91' lang='lat' dir='ltr'>per</span> <span class='ocrx_word' id='word_1_233' title='bbox 2038 3255 2216 3314; x_wconf 84' lang='lat' dir='ltr'>questa</span> 
     </span>
     <span class='ocr_line' id='line_1_31' title="bbox 307 3327 2215 3390; baseline -0.003 -11"><span class='ocrx_word' id='word_1_234' title='bbox 307 3334 412 3379; x_wconf 87' lang='lat' dir='ltr'>sola</span> <span class='ocrx_word' id='word_1_235' title='bbox 443 3331 597 3390; x_wconf 87' lang='lat' dir='ltr'>volta,</span> <span class='ocrx_word' id='word_1_236' title='bbox 629 3331 692 3378; x_wconf 90' lang='lat' dir='ltr'>ed</span> <span class='ocrx_word' id='word_1_237' title='bbox 722 3331 776 3376; x_wconf 90' lang='lat' dir='ltr'>in</span> <span class='ocrx_word' id='word_1_238' title='bbox 809 3330 962 3389; x_wconf 86' lang='lat' dir='ltr'>guisa</span> <span class='ocrx_word' id='word_1_239' title='bbox 992 3330 1085 3378; x_wconf 91' lang='lat' dir='ltr'>che</span> <span class='ocrx_word' id='word_1_240' title='bbox 1116 3330 1182 3376; x_wconf 87' lang='lat' dir='ltr'>da</span> <span class='ocrx_word' id='word_1_241' title='bbox 1223 3330 1403 3390; x_wconf 86' lang='lat' dir='ltr'>questa</span> <span class='ocrx_word' id='word_1_242' title='bbox 1448 3329 1622 3375; x_wconf 84' lang='lat' dir='ltr'>nostra</span> <span class='ocrx_word' id='word_1_243' title='bbox 1661 3327 1984 3376; x_wconf 85' lang='lat' dir='ltr'>concessione</span> <span class='ocrx_word' id='word_1_244' title='bbox 2025 3339 2215 3374; x_wconf 90' lang='lat' dir='ltr'>nessun</span> 
     </span>
     <span class='ocr_line' id='line_1_32' title="bbox 309 3401 2212 3462; baseline -0.004 -9"><span class='ocrx_word' id='word_1_245' title='bbox 309 3406 484 3454; x_wconf 89' lang='lat' dir='ltr'>diritto</span> <span class='ocrx_word' id='word_1_246' title='bbox 512 3405 555 3451; x_wconf 87' lang='lat' dir='ltr'>si</span> <span class='ocrx_word' id='word_1_247' title='bbox 586 3405 750 3452; x_wconf 86' lang='lat' dir='ltr'>debba</span> <span class='ocrx_word' id='word_1_248' title='bbox 779 3404 982 3452; x_wconf 89' lang='lat' dir='ltr'>credere</span> <span class='ocrx_word' id='word_1_249' title='bbox 1013 3403 1130 3450; x_wconf 85' lang='lat' dir='ltr'>dato</span> <span class='ocrx_word' id='word_1_250' title='bbox 1161 3404 1270 3462; x_wconf 86' lang='lat' dir='ltr'>agli</span> <span class='ocrx_word' id='word_1_251' title='bbox 1300 3403 1444 3450; x_wconf 86' lang='lat' dir='ltr'>stessi</span> <span class='ocrx_word' id='word_1_252' title='bbox 1478 3402 1716 3461; x_wconf 84' lang='lat' dir='ltr'>Primati,</span> <span class='ocrx_word' id='word_1_253' title='bbox 1760 3414 1790 3448; x_wconf 95' lang='lat' dir='ltr'>o</span> <span class='ocrx_word' id='word_1_254' title='bbox 1819 3401 1946 3449; x_wconf 89' lang='lat' dir='ltr'>tolto</span> <span class='ocrx_word' id='word_1_255' title='bbox 1978 3402 2041 3462; x_wconf 83' lang='lat' dir='ltr'>ad</span> <span class='ocrx_word' id='word_1_256' title='bbox 2080 3401 2212 3446; x_wconf 86' lang='lat' dir='ltr'>altri.</span> 
     </span>
     <span class='ocr_line' id='line_1_33' title="bbox 309 3474 2216 3540; baseline -0.005 -12"><span class='ocrx_word' id='word_1_257' title='bbox 309 3482 351 3528; x_wconf 83' lang='grc' dir='ltr'>ΙΙ</span> <span class='ocrx_word' id='word_1_258' title='bbox 383 3478 566 3540; x_wconf 87' lang='lat' dir='ltr'>quarto</span> <span class='ocrx_word' id='word_1_259' title='bbox 594 3479 752 3537; x_wconf 86' lang='lat' dir='ltr'>luogo</span> <span class='ocrx_word' id='word_1_260' title='bbox 794 3478 1038 3525; x_wconf 86' lang='lat' dir='ltr'>terranno</span> <span class='ocrx_word' id='word_1_261' title='bbox 1080 3477 1156 3535; x_wconf 85' lang='lat' dir='ltr'>gli</span> <span class='ocrx_word' id='word_1_262' title='bbox 1200 3476 1523 3524; x_wconf 88' lang='lat' dir='ltr'>Arcivescovi</span> <span class='ocrx_word' id='word_1_263' title='bbox 1566 3476 1782 3523; x_wconf 90' lang='lat' dir='ltr'>secondo</span> <span class='ocrx_word' id='word_1_264' title='bbox 1825 3475 2041 3522; x_wconf 89' lang='lat' dir='ltr'>l&#39;ordine</span> <span class='ocrx_word' id='word_1_265' title='bbox 2086 3474 2216 3520; x_wconf 84' lang='lat' dir='ltr'>della</span> 
     </span>
     <span class='ocr_line' id='line_1_34' title="bbox 306 3547 2214 3611; baseline -0.004 -11"><span class='ocrx_word' id='word_1_266' title='bbox 306 3554 413 3600; x_wconf 88' lang='lat' dir='ltr'>loro</span> <span class='ocrx_word' id='word_1_267' title='bbox 442 3551 762 3611; x_wconf 88' lang='lat' dir='ltr'>promozione</span> <span class='ocrx_word' id='word_1_268' title='bbox 792 3549 1299 3610; x_wconf 80' lang='lat' dir='ltr'>all’Arcivescovat03</span> <span class='ocrx_word' id='word_1_269' title='bbox 1347 3551 1384 3596; x_wconf 90' lang='lat' dir='ltr'>il</span> <span class='ocrx_word' id='word_1_270' title='bbox 1415 3548 1597 3610; x_wconf 87' lang='lat' dir='ltr'>quinto</span> <span class='ocrx_word' id='word_1_271' title='bbox 1628 3549 1645 3595; x_wconf 92' lang='lat' dir='ltr'>i</span> <span class='ocrx_word' id='word_1_272' title='bbox 1677 3548 1891 3596; x_wconf 86' lang='lat' dir='ltr'>Vescovi</span> <span class='ocrx_word' id='word_1_273' title='bbox 1932 3547 2214 3606; x_wconf 79' lang='lat' dir='ltr'>parimente</span> 
     </span>
     <span class='ocr_line' id='line_1_35' title="bbox 307 3619 2210 3694; baseline -0.004 -19"><span class='ocrx_word' id='word_1_274' title='bbox 307 3625 522 3687; x_wconf 78' lang='lat' dir='ltr'>secondo</span> <span class='ocrx_word' id='word_1_275' title='bbox 550 3624 765 3674; x_wconf 86' lang='lat' dir='ltr'>l’ordine</span> <span class='ocrx_word' id='word_1_276' title='bbox 797 3625 938 3694; x_wconf 25' lang='lat' dir='ltr'>della‘</span> <span class='ocrx_word' id='word_1_277' title='bbox 955 3624 1062 3685; x_wconf 75' lang='grc'>1010</span> <span class='ocrx_word' id='word_1_278' title='bbox 1093 3624 1441 3683; x_wconf 80' lang='lat' dir='ltr'>promozione3</span> <span class='ocrx_word' id='word_1_279' title='bbox 1472 3623 1509 3670; x_wconf 90' lang='lat' dir='ltr'>il</span> <span class='ocrx_word' id='word_1_280' title='bbox 1540 3622 1671 3672; x_wconf 86' lang='lat' dir='ltr'>sesto</span> <span class='ocrx_word' id='word_1_281' title='bbox 1693 3622 1771 3682; x_wconf 80' lang='lat' dir='ltr'>gli</span> <span class='ocrx_word' id='word_1_282' title='bbox 1792 3620 1978 3669; x_wconf 83' lang='lat' dir='ltr'>Abbati</span> <span class='ocrx_word' id='word_1_283' title='bbox 1997 3619 2210 3671; x_wconf 78' lang='lat' dir='ltr'>Nullius</span> 
     </span>
    </p>
   </div>
  </div>
 </body>
</html>
