2488 4290
387 326 476 373 236

389 413 614 459 minum:
650 410 920 459 Faciamus
952 411 1214 460 civitatem
1246 411 1298 460 et
1339 411 1546 471 turrim,
1591 410 1740 459 cuius
1783 413 1985 459 culmen
2030 409 2291 470 pertingat

390 489 455 535 ad
487 488 700 548 coelum,
734 487 1046 534 celebremus
1077 498 1266 533 nomen
1299 486 1536 534 nostrum
1575 486 1853 546 antequam
1900 486 2188 534 dividamur
2232 488 2289 533 in

389 563 590 622 gentes.
626 562 679 610 Si
710 562 828 610 licet
861 561 1145 620 flagitiosas
1183 560 1464 608 locutiones
1509 561 1565 607 in
1613 561 1770 608 verba
1812 561 1948 608 vitae
1980 562 2289 621 convertere,

390 638 542 685 sinite
575 637 703 684 mihi
734 635 977 696 praefatis
1009 635 1179 683 verbis
1200 647 1290 682 vos
1315 635 1533 695 alloqui:
1567 635 1834 683 Faciamus
1855 636 2001 682 nobis
2032 636 2292 684 civitatem

390 714 441 761 et
472 713 678 771 turrim,
712 711 860 758 cuius
898 711 1101 758 culmen
1133 709 1403 768 pertingat
1446 709 1511 756 ad
1559 711 1771 758 coelum.
1821 710 1898 757 Sit
1943 723 2129 758 nomen
2177 711 2291 758 Iesu

391 787 584 835 Civitas
615 787 770 846 atque
801 784 975 832 Turris
1018 783 1211 831 nostra.
1263 785 1400 831 Deus
1447 785 1792 843 congregavit
1823 796 1916 831 nos
1944 785 1999 830 in
2029 785 2127 833 hac
2158 786 2292 834 Urbe

390 862 580 909 Sancta
611 874 678 909 ex
708 859 947 907 omnibus
979 858 1134 905 etiam
1167 858 1360 904 dissitis
1391 858 1705 919 nationibus,
1739 871 1804 906 ex
1840 859 1979 906 omni
2020 859 2196 920 gente,
2242 861 2293 907 et

388 938 576 996 populo
608 936 659 984 et
690 936 894 993 lingua,
929 933 981 980 et
1011 932 1183 992 posuit
1215 933 1438 993 fecitque
1469 945 1563 981 nos
1593 935 1695 982 Deo
1727 934 1900 982 nostro
1942 935 2203 994 Regnum,
2234 934 2294 982 ut

389 1013 682 1069 evellamuS‚
717 1009 1065 1062 destruamus,
1101 1008 1413 1068 evertamuS‚
1450 1008 1793 1069 aedificemus,
1828 1010 2122 1068 plantemus
2153 1009 2203 1057 et
2238 1009 2293 1055 in

388 1086 706 1134 sanctissimo
752 1085 869 1130 Iesu
918 1082 1134 1130 Nomine
1179 1083 1352 1129 omnia
1394 1083 1758 1131 instauremus.
1804 1084 1927 1143 Eia,
1970 1084 2293 1131 venerabiles

389 1161 578 1219 PatreS,
622 1160 932 1206 celebremus
973 1157 1250 1216 antequam
1295 1158 1584 1206 dividamur
1626 1159 1682 1204 in
1725 1159 1909 1218 gentes
1956 1160 2173 1219 nostraS‚
2217 1171 2293 1208 ce-

387 1237 642 1285 lebremus
673 1246 860 1282 nomen
893 1233 1145 1279 nostrum.
1190 1233 1333 1280 Iesus
1381 1234 1518 1281 enim
1565 1234 1640 1281 est
1682 1234 1920 1281 sanctum
1968 1235 2160 1283 Nomen
2207 1247 2294 1283 no-

390 1312 572 1370 strum,
603 1307 1021 1366 fundamentum,
1056 1307 1230 1367 robur,
1263 1307 1430 1355 virtus
1473 1309 1627 1366 atque
1671 1309 1909 1367 splendor
1949 1309 2138 1368 noster,
2171 1321 2293 1357 nam

390 1386 497 1446 ipse
532 1384 671 1433 dedit
713 1382 1043 1441 semetipsum
1089 1395 1180 1442 pro
1227 1382 1390 1430 nobis.
1446 1382 1796 1431 clarificemus
1851 1396 1976 1443 ergo
2026 1383 2082 1430 in
2131 1384 2294 1431 Missis

392 1474 510 1508 cum
540 1472 676 1507 nova
705 1458 802 1505 hac
841 1457 1161 1505 Praefatione
1206 1457 1302 1505 hoc
1350 1458 1647 1505 admirabile
1693 1459 1906 1506 Nomen.
1956 1448 2294 1515 Quamobrem

392 1548 499 1583 una
529 1547 732 1582 mecum
763 1544 968 1593 quaes0,
1001 1545 1029 1579 o
1062 1532 1312 1580 Ecclesiae
1342 1533 1590 1592 Pastoroe,
1623 1533 1776 1581 enixe
1808 1546 1867 1580 ac
1887 1533 2204 1581 unanimiter
2226 1533 2292 1579 ad

391 1611 615 1669 primum
663 1608 817 1665 atque
862 1607 1148 1654 maximum
1193 1608 1458 1665 pastorum
1505 1608 1736 1654 omnium
1783 1607 2172 1655 Sanctissimum
2201 1608 2295 1654 Do-

391 1685 591 1732 minum
623 1683 770 1730 Pium
802 1682 1100 1741 suppliciter
1133 1682 1349 1729 clamate
1394 1683 1597 1730 orantes
1642 1683 1703 1730 ut
1749 1683 1998 1741 dignetur
2039 1682 2294 1729 ineffabile

389 1762 504 1807 Iesu
533 1760 746 1816 Nomen,
780 1757 918 1815 quod
948 1757 1024 1803 est
1054 1768 1204 1814 super
1226 1769 1376 1804 omne
1399 1770 1604 1817 nomen,
1631 1770 1661 1803 a
1685 1758 2135 1816 genericanorma
2155 1757 2292 1804 exci-

390 1846 525 1892 pere,
542 1845 647 1891 qua
666 1831 760 1878 sibi
782 1844 926 1878 sacra
947 1831 1166 1878 Rituum
1187 1830 1537 1890 congregatio
1559 1831 1952 1890 praescripserat
1975 1832 2112 1879 ultra
2134 1843 2295 1879 novas
2355 1886 2360 1890 ,

389 1921 496 1955 11011
528 1906 750 1954 addendi
781 1906 1131 1952 concessiones
1162 1918 1416 1952 novarum
1445 1908 1499 1952 in
1533 1905 1699 1953 missis
1730 1906 2123 1965 praefationum.
2150 1907 2295 1954 Adsit

391 1981 538 2030 nobis
569 1980 749 2028 efficax
784 1980 1097 2039 praesidium
1129 1980 1492 2028 Sanctissimae
1515 1981 1748 2040 Virginis
1779 1981 1964 2029 Mariae
1994 1982 2049 2027 in
2081 1993 2174 2028 sua
2204 1995 2295 2041 pu-

390 2057 591 2103 rissima
622 2054 956 2113 conceptione
987 2054 1373 2114 immaculatae3
1407 2054 1518 2112 ipsa
1550 2054 1635 2113 pia
1664 2055 1828 2114 Virgo
1859 2055 1910 2102 et
1939 2055 2118 2110 Mater,
2139 2054 2296 2101 totius

391 2128 639 2177 Ecclesiae
668 2129 807 2176 hisce
839 2129 1016 2176 diebus
1048 2129 1112 2175 ab
1144 2128 1315 2187 impiis
1361 2129 1694 2176 labefactatae
1744 2141 1858 2188 spes
1904 2130 1955 2177 et
2000 2121 2179 2177 tutela*
2211 2130 2295 2176 fir—

391 2205 650 2265 missima;
684 2204 807 2263 ipsa·
828 2216 959 2264 quae
989 2202 1125 2250 inter
1158 2215 1332 2251 omnes
1362 2204 1742 2263 protoparentis
1787 2204 1916 2251 filios
1963 2205 2127 2263 prima
2171 2205 2297 2251 inef-

391 2280 541 2326 fabile
572 2280 687 2326 Iesu
718 2280 911 2326 Nomen
944 2279 1243 2342 abAngelo
1275 2279 1466 2332 didicit,
1517 2279 1568 2326 et
1614 2290 1730 2326 vere
1763 2279 1957 2326 factum
2002 2279 2078 2327 est
2122 2280 2178 2325 in
2210 2291 2294 2327 cor

391 2355 500 2401 eius
530 2355 626 2401 hoc
657 2356 894 2401 sanctum
925 2354 1119 2402 Nomen
1152 2353 1320 2401 oleum
1352 2353 1590 2415 effusum,
1625 2355 1761 2414 quod
1805 2354 1967 2401 totam
2008 2355 2139 2402 mira
2186 2355 2296 2401 dul-

394 2430 572 2476 cedine
604 2430 715 2476 eius
747 2430 963 2488 replevit
994 2429 1235 2488 animam,
1270 2424 1381 2488 ipsa
1411 2429 1704 2476 dulcissima
1728 2442 1787 2477 ac
1808 2429 2104 2488 gratissima
2135 2429 2295 2477 Mater

392 2516 554 2551 novas
584 2504 707 2551 huic
739 2504 1070 2551 Sanctissimo
1102 2503 1305 2550 Nomini
1339 2515 1480 2550 nunc
1513 2503 1761 2562 rependat
1792 2503 1945 2563 vices,
1969 2504 2030 2550 ut
2051 2504 2292 2562 quemad-

393 2579 602 2626 modum
633 2579 688 2624 in
719 2579 928 2625 nomine
962 2579 1075 2625 Iesu
1123 2578 1426 2637 dogmatum
1473 2579 1704 2625 omnium
1747 2577 2071 2637 CompendiO,
2118 2578 2294 2625 sexde—

394 2653 492 2700 cim
525 2654 587 2699 ab
617 2653 740 2700 hinc
773 2653 923 2699 annis
955 2665 985 2699 a
1017 2652 1103 2699 Plo
1151 2652 1510 2712 conceptionis
1557 2649 1798 2702 Pontifice
1842 2653 1948 2699 tam
1992 2653 2210 2712 gloriose
2240 2653 2295 2699 in

396 2727 689 2786 dogmatica
721 2728 1018 2775 definitione
1050 2727 1417 2776 Immaculatae
1448 2740 1570 2774 suae
1618 2727 1976 2786 Conceptionis
2019 2728 2296 2776 clarificata

395 2802 511 2861 fuit,
544 2802 616 2848 sic
647 2802 758 2860 ipsa
789 2814 932 2849 nunc
962 2802 1186 2861 praestet
1205 2802 1266 2849 ut
1287 2802 1605 2860 praedictum
1627 2802 1926 2849 admirabile
1948 2803 2140 2850 Nomen
2163 2815 2296 2851 novo

395 2875 586 2922 honore
619 2888 736 2922 cum
769 2889 905 2924 nova
935 2876 1033 2923 hac
1062 2877 1118 2922 in
1143 2876 1308 2922 missis
1332 2877 1651 2923 Praefatione
1676 2876 1996 2924 clarificetur.
2021 2877 2103 2924 Sic
2123 2879 2297 2935 postea

398 2949 464 2996 ad
494 2962 612 2997 oves
642 2951 842 2998 nostras
873 2951 1128 2998 reversuri
1160 2962 1321 2998 novas
1341 2951 1519 2998 laudes
1542 2951 1705 2998 eidem
1742 2950 2070 2998 sanctissimo
2093 2951 2298 3037 Nomini

400 3024 753 3072 exultantibus
784 3026 970 3072 animis
1002 3026 1368 3073 concinemus»
1382 3023 1512 3084 Fiat,
1547 3025 1653 3073 fiat.

931 3173 1192 3220 RAPHAEL
1223 3173 1450 3232 Arokiep.
1484 3172 1797 3222 Brundusin.
1832 3174 1890 3221 A.
1924 3175 1977 3220 Ρ.
2007 3173 2232 3223 Ostaecnen.

2468 1342 2470 1346 '
2474 1284 2488 1326 dn
2472 1107 2488 1273 κιαι-’-ῥα
2475 1061 2488 1086 u
2463 1028 2488 1049 ,ί
2472 996 2488 1007 1

2472 2868 2488 3012 „aa-..nuh
2475 2774 2488 2861 Α...
2472 2658 2488 2765 ..ΔΝ-
2470 2604 2488 2653 „An
2476 2565 2488 2598 ιιι
2476 2516 2488 2552 μ’.
2469 2478 2488 2502 l..
2472 2395 2488 2462 μιᾳ.
2458 2144 2488 2389 4...‘n—-nl-§..e.-
2470 1846 2488 2135 *xlia—oa...
2475 1786 2488 1839 aa«.
2465 1644 2488 1779 sid-num
2462 1630 2466 1631 Ἰ
2458 1599 2463 1604 ’
2464 1542 2470 1546 ⁴

2459 3234 2488 3309 ...κέ
