<?xml version="1.0" encoding="UTF-8"?>
<!DOCTYPE html PUBLIC "-//W3C//DTD XHTML 1.0 Transitional//EN"
    "http://www.w3.org/TR/xhtml1/DTD/xhtml1-transitional.dtd">
<html xmlns="http://www.w3.org/1999/xhtml" xml:lang="en" lang="en">
 <head>
  <title>
</title>
<meta http-equiv="Content-Type" content="text/html;charset=utf-8" />
  <meta name='ocr-system' content='tesseract 3.04.00' />
  <meta name='ocr-capabilities' content='ocr_page ocr_carea ocr_par ocr_line ocrx_word'/>
</head>
<body>
  <div class='ocr_page' id='page_1' title='image "a611569200vatiuoft_0463.png"; bbox 0 0 2488 4290; ppageno 0'>
   <div class='ocr_carea' id='block_1_1' title="bbox 0 797 39 3342">
    <p class='ocr_par' dir='ltr' id='par_1_1' title="bbox 0 797 39 3342">
     <span class='ocr_line' id='line_1_1' title="bbox 0 797 39 3342; baseline 0 0"><span class='ocrx_word' id='word_1_1' title='bbox 0 797 39 3342; x_wconf 95' lang='lat' dir='ltr'> </span> 
     </span>
    </p>
   </div>
   <div class='ocr_carea' id='block_1_2' title="bbox 1004 431 1154 509">
    <p class='ocr_par' dir='ltr' id='par_1_2' title="bbox 1004 431 1154 509">
     <span class='ocr_line' id='line_1_2' title="bbox 1004 431 1154 509; baseline -0.013 0"><span class='ocrx_word' id='word_1_2' title='bbox 1004 431 1154 509; x_wconf 87' lang='lat' dir='ltr'>IX.</span> 
     </span>
    </p>
   </div>
   <div class='ocr_carea' id='block_1_3' title="bbox 442 612 1720 788">
    <p class='ocr_par' dir='ltr' id='par_1_3' title="bbox 442 612 1720 788">
     <span class='ocr_line' id='line_1_3' title="bbox 442 612 1720 688; baseline -0.001 -1"><span class='ocrx_word' id='word_1_3' title='bbox 442 621 536 687; x_wconf 93' lang='lat' dir='ltr'>IL</span> <span class='ocrx_word' id='word_1_4' title='bbox 604 612 1118 685; x_wconf 87' lang='lat' dir='ltr'>CONCILIO</span> <span class='ocrx_word' id='word_1_5' title='bbox 1192 620 1720 688; x_wconf 85' lang='lat' dir='ltr'><strong>VATICANO</strong></span> 
     </span>
     <span class='ocr_line' id='line_1_4' title="bbox 629 718 1533 788; baseline -0.002 0"><span class='ocrx_word' id='word_1_6' title='bbox 629 718 801 788; x_wconf 85' lang='lat' dir='ltr'>nella</span> <span class='ocrx_word' id='word_1_7' title='bbox 844 718 1002 785; x_wconf 84' lang='lat' dir='ltr'>festa</span> <span class='ocrx_word' id='word_1_8' title='bbox 1048 718 1152 785; x_wconf 91' lang='lat' dir='ltr'>del</span> <span class='ocrx_word' id='word_1_9' title='bbox 1196 722 1252 784; x_wconf 91' lang='lat' dir='ltr'>S.</span> <span class='ocrx_word' id='word_1_10' title='bbox 1303 719 1533 787; x_wconf 86' lang='lat' dir='ltr'>Natale.</span> 
     </span>
    </p>
   </div>
   <div class='ocr_carea' id='block_1_4' title="bbox 128 1023 2030 1179">
    <p class='ocr_par' dir='ltr' id='par_1_4' title="bbox 128 1023 2030 1179">
     <span class='ocr_line' id='line_1_5' title="bbox 193 1023 2030 1085; baseline 0.001 -8"><span class='ocrx_word' id='word_1_11' title='bbox 193 1024 618 1085; x_wconf 86' lang='lat' dir='ltr'>Pubhlichiamo</span> <span class='ocrx_word' id='word_1_12' title='bbox 663 1024 713 1078; x_wconf 93' lang='lat' dir='ltr'>le</span> <span class='ocrx_word' id='word_1_13' title='bbox 763 1026 1228 1078; x_wconf 87' lang='lat' dir='ltr'>Intimazioni</span> <span class='ocrx_word' id='word_1_14' title='bbox 1279 1023 1369 1078; x_wconf 84' lang='lat' dir='ltr'>del</span> <span class='ocrx_word' id='word_1_15' title='bbox 1417 1026 1651 1079; x_wconf 84' lang='lat' dir='ltr'>Presetto</span> <span class='ocrx_word' id='word_1_16' title='bbox 1704 1026 1845 1080; x_wconf 85' lang='lat' dir='ltr'>delle</span> <span class='ocrx_word' id='word_1_17' title='bbox 1896 1029 2030 1079; x_wconf 90' lang='lat' dir='ltr'>ceri-</span> 
     </span>
     <span class='ocr_line' id='line_1_6' title="bbox 128 1111 2028 1179; baseline 0.002 -14"><span class='ocrx_word' id='word_1_18' title='bbox 128 1113 312 1172; x_wconf 88' lang='lat' dir='ltr'>monie</span> <span class='ocrx_word' id='word_1_19' title='bbox 360 1128 456 1179; x_wconf 90' lang='lat' dir='ltr'>per</span> <span class='ocrx_word' id='word_1_20' title='bbox 509 1112 561 1163; x_wconf 86' lang='lat' dir='ltr'>la</span> <span class='ocrx_word' id='word_1_21' title='bbox 612 1111 747 1165; x_wconf 84' lang='lat' dir='ltr'>festa</span> <span class='ocrx_word' id='word_1_22' title='bbox 798 1111 884 1164; x_wconf 90' lang='lat' dir='ltr'>del</span> <span class='ocrx_word' id='word_1_23' title='bbox 925 1113 972 1163; x_wconf 88' lang='lat' dir='ltr'>S.</span> <span class='ocrx_word' id='word_1_24' title='bbox 1018 1112 1204 1165; x_wconf 89' lang='lat' dir='ltr'>Natale</span> <span class='ocrx_word' id='word_1_25' title='bbox 1244 1112 1334 1165; x_wconf 89' lang='lat' dir='ltr'>nel</span> <span class='ocrx_word' id='word_1_26' title='bbox 1377 1113 1511 1164; x_wconf 80' lang='grc'><strong>1869</strong></span> <span class='ocrx_word' id='word_1_27' title='bbox 1550 1114 1768 1177; x_wconf 88' lang='lat' dir='ltr'>quando</span> <span class='ocrx_word' id='word_1_28' title='bbox 1810 1115 1828 1164; x_wconf 93' lang='lat' dir='ltr'>i</span> <span class='ocrx_word' id='word_1_29' title='bbox 1868 1114 2028 1169; x_wconf 86' lang='lat' dir='ltr'>Padri</span> 
     </span>
    </p>
   </div>
   <div class='ocr_carea' id='block_1_5' title="bbox 21 1197 1639 1272">
    <p class='ocr_par' dir='ltr' id='par_1_5' title="bbox 21 1197 1639 1272">
     <span class='ocr_line' id='line_1_7' title="bbox 21 1197 1639 1272; baseline -0.002 -18"><span class='ocrx_word' id='word_1_30' title='bbox 21 1253 28 1262; x_wconf 78' lang='grc'>,</span> <span class='ocrx_word' id='word_1_31' title='bbox 126 1197 213 1254; x_wconf 88' lang='lat' dir='ltr'>del</span> <span class='ocrx_word' id='word_1_32' title='bbox 251 1197 488 1272; x_wconf 77' lang='lat' dir='ltr'>Concilio</span> <span class='ocrx_word' id='word_1_33' title='bbox 526 1199 789 1253; x_wconf 84' lang='lat' dir='ltr'>Vaticano</span> <span class='ocrx_word' id='word_1_34' title='bbox 829 1205 1049 1251; x_wconf 87' lang='lat' dir='ltr'>stavano</span> <span class='ocrx_word' id='word_1_35' title='bbox 1091 1199 1348 1255; x_wconf 86' lang='lat' dir='ltr'>radunati</span> <span class='ocrx_word' id='word_1_36' title='bbox 1388 1215 1419 1251; x_wconf 86' lang='lat' dir='ltr'>a</span> <span class='ocrx_word' id='word_1_37' title='bbox 1456 1199 1639 1252; x_wconf 88' lang='lat' dir='ltr'>Roma.</span> 
     </span>
    </p>
   </div>
   <div class='ocr_carea' id='block_1_6' title="bbox 902 1351 1248 1434">
    <p class='ocr_par' dir='ltr' id='par_1_6' title="bbox 902 1351 1248 1434">
     <span class='ocr_line' id='line_1_8' title="bbox 902 1351 1248 1434; baseline -0.003 -23"><span class='ocrx_word' id='word_1_38' title='bbox 902 1351 1248 1434; x_wconf 80' lang='lat' dir='ltr'>1NTlMAT10</span> 
     </span>
    </p>
   </div>
   <div class='ocr_carea' id='block_1_7' title="bbox 373 1472 1776 1610">
    <p class='ocr_par' dir='ltr' id='par_1_7' title="bbox 373 1472 1776 1610">
     <span class='ocr_line' id='line_1_9' title="bbox 373 1472 1776 1537; baseline -0.001 -12"><span class='ocrx_word' id='word_1_39' title='bbox 373 1487 502 1537; x_wconf 62' lang='grc' dir='ltr'>μοι·</span> <span class='ocrx_word' id='word_1_40' title='bbox 533 1486 856 1534; x_wconf 67' lang='lat' dir='ltr'>cursores</span> <span class='ocrx_word' id='word_1_41' title='bbox 886 1472 1237 1534; x_wconf 69' lang='lat' dir='ltr'>facienda,</span> <span class='ocrx_word' id='word_1_42' title='bbox 1274 1472 1462 1521; x_wconf 77' lang='lat' dir='ltr'>domi</span> <span class='ocrx_word' id='word_1_43' title='bbox 1496 1485 1776 1536; x_wconf 75' lang='lat' dir='ltr'>quoquo</span> 
     </span>
     <span class='ocr_line' id='line_1_10' title="bbox 706 1546 1428 1610; baseline -0.003 -12"><span class='ocrx_word' id='word_1_44' title='bbox 706 1549 994 1599; x_wconf 76' lang='lat' dir='ltr'>dimisso</span> <span class='ocrx_word' id='word_1_45' title='bbox 1026 1546 1428 1610; x_wconf 74' lang='lat' dir='ltr'>exemplari.</span> 
     </span>
    </p>
   </div>
   <div class='ocr_carea' id='block_1_8' title="bbox 120 1667 2028 2072">
    <p class='ocr_par' dir='ltr' id='par_1_8' title="bbox 120 1667 2028 1988">
     <span class='ocr_line' id='line_1_11' title="bbox 195 1667 2025 1736; baseline -0.002 -8"><span class='ocrx_word' id='word_1_46' title='bbox 195 1677 289 1728; x_wconf 90' lang='lat' dir='ltr'>Die</span> <span class='ocrx_word' id='word_1_47' title='bbox 327 1674 394 1727; x_wconf 79' lang='lat'>24</span> <span class='ocrx_word' id='word_1_48' title='bbox 434 1672 738 1726; x_wconf 84' lang='lat' dir='ltr'>decembris</span> <span class='ocrx_word' id='word_1_49' title='bbox 778 1673 911 1726; x_wconf 86' lang='lat' dir='ltr'>anni</span> <span class='ocrx_word' id='word_1_50' title='bbox 942 1670 1097 1736; x_wconf 79' lang='grc'><strong>1869,</strong></span> <span class='ocrx_word' id='word_1_51' title='bbox 1129 1670 1283 1722; x_wconf 89' lang='lat' dir='ltr'>Feria</span> <span class='ocrx_word' id='word_1_52' title='bbox 1308 1670 1374 1721; x_wconf 93' lang='lat' dir='ltr'>VI</span> <span class='ocrx_word' id='word_1_53' title='bbox 1405 1667 1691 1736; x_wconf 85' lang='lat' dir='ltr'>pervigilio</span> <span class='ocrx_word' id='word_1_54' title='bbox 1719 1670 2025 1724; x_wconf 87' lang='lat' dir='ltr'>Nativitatis</span> 
     </span>
     <span class='ocr_line' id='line_1_12' title="bbox 120 1756 2028 1824; baseline -0.004 -8"><span class='ocrx_word' id='word_1_55' title='bbox 120 1761 338 1816; x_wconf 86' lang='lat' dir='ltr'><strong>Domini</strong></span> <span class='ocrx_word' id='word_1_56' title='bbox 378 1758 556 1812; x_wconf 83' lang='lat' dir='ltr'>Nostri</span> <span class='ocrx_word' id='word_1_57' title='bbox 594 1757 714 1812; x_wconf 87' lang='lat' dir='ltr'>Iesu</span> <span class='ocrx_word' id='word_1_58' title='bbox 751 1757 950 1810; x_wconf 81' lang='lat' dir='ltr'>Christi</span> <span class='ocrx_word' id='word_1_59' title='bbox 988 1757 1128 1808; x_wconf 89' lang='lat' dir='ltr'>hora</span> <span class='ocrx_word' id='word_1_60' title='bbox 1166 1759 1329 1808; x_wconf 76' lang='lat' dir='ltr'>tertia</span> <span class='ocrx_word' id='word_1_61' title='bbox 1355 1760 1478 1824; x_wconf 76' lang='lat' dir='ltr'>post</span> <span class='ocrx_word' id='word_1_62' title='bbox 1509 1756 1767 1808; x_wconf 75' lang='lat' dir='ltr'><em>meridiem</em></span> <span class='ocrx_word' id='word_1_63' title='bbox 1791 1756 2028 1808; x_wconf 85' lang='lat' dir='ltr'>Sanctis-</span> 
     </span>
     <span class='ocr_line' id='line_1_13' title="bbox 123 1830 2026 1910; baseline -0.003 -9"><span class='ocrx_word' id='word_1_64' title='bbox 123 1849 300 1901; x_wconf 91' lang='lat' dir='ltr'>simus</span> <span class='ocrx_word' id='word_1_65' title='bbox 336 1847 601 1899; x_wconf 87' lang='lat' dir='ltr'>Dominus</span> <span class='ocrx_word' id='word_1_66' title='bbox 639 1845 827 1898; x_wconf 77' lang='lat' dir='ltr'>Noster</span> <span class='ocrx_word' id='word_1_67' title='bbox 865 1845 990 1896; x_wconf 89' lang='lat' dir='ltr'>Pius</span> <span class='ocrx_word' id='word_1_68' title='bbox 1027 1844 1169 1910; x_wconf 88' lang='lat' dir='ltr'>Papa</span> <span class='ocrx_word' id='word_1_69' title='bbox 1207 1843 1275 1894; x_wconf 90' lang='lat' dir='ltr'>IX</span> <span class='ocrx_word' id='word_1_70' title='bbox 1324 1830 1598 1895; x_wconf 51' lang='lat' dir='ltr'>¹solemnes</span> <span class='ocrx_word' id='word_1_71' title='bbox 1649 1858 1896 1909; x_wconf 89' lang='lat' dir='ltr'>vesperas</span> <span class='ocrx_word' id='word_1_72' title='bbox 1943 1859 2026 1895; x_wconf 89' lang='lat' dir='ltr'>ce-</span> 
     </span>
     <span class='ocr_line' id='line_1_14' title="bbox 123 1931 1021 1988; baseline -0.006 -2"><span class='ocrx_word' id='word_1_73' title='bbox 123 1934 354 1988; x_wconf 86' lang='lat' dir='ltr'>lebrabit</span> <span class='ocrx_word' id='word_1_74' title='bbox 390 1935 447 1985; x_wconf 91' lang='lat' dir='ltr'>in</span> <span class='ocrx_word' id='word_1_75' title='bbox 486 1931 716 1984; x_wconf 85' lang='lat' dir='ltr'>Basilica</span> <span class='ocrx_word' id='word_1_76' title='bbox 750 1931 1021 1983; x_wconf 88' lang='lat' dir='ltr'>vaticana.</span> 
     </span>
    </p>

    <p class='ocr_par' dir='ltr' id='par_1_9' title="bbox 191 2015 2023 2072">
     <span class='ocr_line' id='line_1_15' title="bbox 191 2015 2023 2072; baseline -0.002 0"><span class='ocrx_word' id='word_1_77' title='bbox 191 2024 364 2072; x_wconf 89' lang='lat' dir='ltr'>Emm.</span> <span class='ocrx_word' id='word_1_78' title='bbox 410 2026 464 2072; x_wconf 90' lang='lat' dir='ltr'>et</span> <span class='ocrx_word' id='word_1_79' title='bbox 500 2021 627 2071; x_wconf 89' lang='lat' dir='ltr'>Rev.</span> <span class='ocrx_word' id='word_1_80' title='bbox 671 2018 770 2071; x_wconf 93' lang='lat' dir='ltr'>DD.</span> <span class='ocrx_word' id='word_1_81' title='bbox 817 2016 1127 2069; x_wconf 85' lang='lat' dir='ltr'>Cardinales</span> <span class='ocrx_word' id='word_1_82' title='bbox 1165 2017 1383 2069; x_wconf 80' lang='lat' dir='ltr'>vestibus</span> <span class='ocrx_word' id='word_1_83' title='bbox 1431 2015 1605 2068; x_wconf 73' lang='lat' dir='ltr'>rubris</span> <span class='ocrx_word' id='word_1_84' title='bbox 1653 2016 1839 2068; x_wconf 90' lang='lat' dir='ltr'>induti</span> <span class='ocrx_word' id='word_1_85' title='bbox 1898 2033 2023 2069; x_wconf 87' lang='lat' dir='ltr'>cum</span> 
     </span>
    </p>
   </div>
   <div class='ocr_carea' id='block_1_9' title="bbox 20 2102 2132 2260">
    <p class='ocr_par' dir='ltr' id='par_1_10' title="bbox 20 2102 2132 2260">
     <span class='ocr_line' id='line_1_16' title="bbox 27 2102 2028 2171; baseline -0.002 -11"><span class='ocrx_word' id='word_1_86' title='bbox 27 2163 34 2166; x_wconf 75' lang='grc'><strong>,</strong></span> <span class='ocrx_word' id='word_1_87' title='bbox 121 2107 302 2161; x_wconf 75' lang='lat' dir='ltr'>calceis</span> <span class='ocrx_word' id='word_1_88' title='bbox 340 2105 555 2158; x_wconf 77' lang='lat' dir='ltr'>eiusdem</span> <span class='ocrx_word' id='word_1_89' title='bbox 592 2104 777 2156; x_wconf 78' lang='lat' dir='ltr'>coloris</span> <span class='ocrx_word' id='word_1_90' title='bbox 816 2118 968 2156; x_wconf 87' lang='lat' dir='ltr'>sacra</span> <span class='ocrx_word' id='word_1_91' title='bbox 1005 2108 1325 2171; x_wconf 88' lang='lat' dir='ltr'>paramenta</span> <span class='ocrx_word' id='word_1_92' title='bbox 1364 2103 1550 2155; x_wconf 76' lang='lat' dir='ltr'>coloris</span> <span class='ocrx_word' id='word_1_93' title='bbox 1576 2102 1680 2154; x_wconf 77' lang='lat' dir='ltr'>albi</span> <span class='ocrx_word' id='word_1_94' title='bbox 1718 2103 1917 2169; x_wconf 84' lang='lat' dir='ltr'>cuique</span> <span class='ocrx_word' id='word_1_95' title='bbox 1946 2119 2028 2155; x_wconf 87' lang='lat' dir='ltr'>or·</span> 
     </span>
     <span class='ocr_line' id='line_1_17' title="bbox 20 2170 2132 2260; baseline -0.002 -13"><span class='ocrx_word' id='word_1_96' title='bbox 20 2190 22 2195; x_wconf 72' lang='grc'>’</span> <span class='ocrx_word' id='word_1_97' title='bbox 122 2193 236 2247; x_wconf 91' lang='lat' dir='ltr'>dini</span> <span class='ocrx_word' id='word_1_98' title='bbox 275 2194 499 2260; x_wconf 88' lang='lat' dir='ltr'>propria</span> <span class='ocrx_word' id='word_1_99' title='bbox 538 2206 663 2244; x_wconf 85' lang='lat' dir='ltr'>cum</span> <span class='ocrx_word' id='word_1_100' title='bbox 722 2191 903 2242; x_wconf 86' lang='lat' dir='ltr'>mitris</span> <span class='ocrx_word' id='word_1_101' title='bbox 958 2189 1499 2242; x_wconf 87' lang='lat' dir='ltr'>serico-damascenis</span> <span class='ocrx_word' id='word_1_102' title='bbox 1557 2186 1709 2242; x_wconf 84' lang='lat' dir='ltr'>more</span> <span class='ocrx_word' id='word_1_103' title='bbox 1767 2196 2026 2242; x_wconf 87' lang='lat' dir='ltr'>consueto</span> <span class='ocrx_word' id='word_1_104' title='bbox 2125 2170 2132 2190; x_wconf 27' lang='grc' dir='ltr'>ἶ</span> 
     </span>
    </p>
   </div>
   <div class='ocr_carea' id='block_1_10' title="bbox 121 2274 2028 2344">
    <p class='ocr_par' dir='ltr' id='par_1_11' title="bbox 121 2274 2028 2344">
     <span class='ocr_line' id='line_1_18' title="bbox 121 2274 2028 2344; baseline -0.003 -10"><span class='ocrx_word' id='word_1_105' title='bbox 121 2286 416 2344; x_wconf 82' lang='lat' dir='ltr'>assument,</span> <span class='ocrx_word' id='word_1_106' title='bbox 461 2284 513 2330; x_wconf 88' lang='lat' dir='ltr'>et</span> <span class='ocrx_word' id='word_1_107' title='bbox 548 2279 607 2329; x_wconf 91' lang='lat' dir='ltr'>in</span> <span class='ocrx_word' id='word_1_108' title='bbox 645 2275 911 2329; x_wconf 85' lang='lat' dir='ltr'>sacellum</span> <span class='ocrx_word' id='word_1_109' title='bbox 950 2274 1350 2341; x_wconf 84' lang='lat' dir='ltr'>Gregorianum</span> <span class='ocrx_word' id='word_1_110' title='bbox 1389 2278 1439 2327; x_wconf 89' lang='grc' dir='ltr'>Β.</span> <span class='ocrx_word' id='word_1_111' title='bbox 1481 2276 1543 2326; x_wconf 87' lang='grc' dir='ltr'>Μ.</span> <span class='ocrx_word' id='word_1_112' title='bbox 1590 2275 1646 2328; x_wconf 90' lang='lat' dir='ltr'>V.</span> <span class='ocrx_word' id='word_1_113' title='bbox 1695 2276 2028 2328; x_wconf 84' lang='lat' dir='ltr'>convenient</span> 
     </span>
    </p>
   </div>
   <div class='ocr_carea' id='block_1_11' title="bbox 14 2357 1626 2428">
    <p class='ocr_par' dir='ltr' id='par_1_12' title="bbox 14 2357 1626 2428">
     <span class='ocr_line' id='line_1_19' title="bbox 14 2357 1626 2428; baseline -0.004 -10"><span class='ocrx_word' id='word_1_114' title='bbox 14 2357 19 2360; x_wconf 64' lang='grc'><strong>’</strong></span> <span class='ocrx_word' id='word_1_115' title='bbox 121 2367 416 2418; x_wconf 85' lang='lat' dir='ltr'>adventum</span> <span class='ocrx_word' id='word_1_116' title='bbox 455 2363 795 2417; x_wconf 87' lang='lat' dir='ltr'>Sanctissimi</span> <span class='ocrx_word' id='word_1_117' title='bbox 833 2362 1052 2414; x_wconf 90' lang='lat' dir='ltr'>Domini</span> <span class='ocrx_word' id='word_1_118' title='bbox 1090 2361 1268 2414; x_wconf 80' lang='lat' dir='ltr'>Nostri</span> <span class='ocrx_word' id='word_1_119' title='bbox 1308 2367 1626 2428; x_wconf 85' lang='lat' dir='ltr'>spectantes.</span> 
     </span>
    </p>
   </div>
   <div class='ocr_carea' id='block_1_12' title="bbox 120 2447 2023 2686">
    <p class='ocr_par' dir='ltr' id='par_1_13' title="bbox 120 2447 2023 2686">
     <span class='ocr_line' id='line_1_20' title="bbox 188 2447 2019 2515; baseline -0.002 -12"><span class='ocrx_word' id='word_1_120' title='bbox 188 2452 335 2504; x_wconf 61' lang='lat' dir='ltr'>ami</span> <span class='ocrx_word' id='word_1_121' title='bbox 375 2453 473 2504; x_wconf 93' lang='lat' dir='ltr'>DD.</span> <span class='ocrx_word' id='word_1_122' title='bbox 520 2450 885 2511; x_wconf 86' lang='lat' dir='ltr'>Patriarchae‚</span> <span class='ocrx_word' id='word_1_123' title='bbox 940 2448 1216 2511; x_wconf 79' lang='lat' dir='ltr'>PrimateS‚</span> <span class='ocrx_word' id='word_1_124' title='bbox 1269 2447 1696 2515; x_wconf 84' lang='lat' dir='ltr'>Archiepiscopi‚</span> <span class='ocrx_word' id='word_1_125' title='bbox 1752 2449 2019 2515; x_wconf 84' lang='lat' dir='ltr'>Episcopi,</span> 
     </span>
     <span class='ocr_line' id='line_1_21' title="bbox 120 2534 2022 2604; baseline -0.002 -14"><span class='ocrx_word' id='word_1_126' title='bbox 120 2539 346 2591; x_wconf 86' lang='lat' dir='ltr'>Abbates</span> <span class='ocrx_word' id='word_1_127' title='bbox 383 2538 440 2588; x_wconf 91' lang='lat' dir='ltr'>in</span> <span class='ocrx_word' id='word_1_128' title='bbox 479 2536 747 2604; x_wconf 84' lang='lat' dir='ltr'>praesenti</span> <span class='ocrx_word' id='word_1_129' title='bbox 787 2534 1035 2586; x_wconf 89' lang='lat' dir='ltr'>Concilio</span> <span class='ocrx_word' id='word_1_130' title='bbox 1075 2534 1262 2585; x_wconf 89' lang='lat' dir='ltr'>locum</span> <span class='ocrx_word' id='word_1_131' title='bbox 1313 2535 1592 2597; x_wconf 81' lang='lat' dir='ltr'>habenteS‚</span> <span class='ocrx_word' id='word_1_132' title='bbox 1638 2541 1691 2586; x_wconf 90' lang='lat' dir='ltr'>et</span> <span class='ocrx_word' id='word_1_133' title='bbox 1739 2535 2022 2601; x_wconf 89' lang='lat' dir='ltr'>poeniten-</span> 
     </span>
     <span class='ocr_line' id='line_1_22' title="bbox 122 2620 2023 2686; baseline -0.004 -8"><span class='ocrx_word' id='word_1_134' title='bbox 122 2625 267 2678; x_wconf 88' lang='lat' dir='ltr'>tiarii</span> <span class='ocrx_word' id='word_1_135' title='bbox 307 2628 765 2676; x_wconf 83' lang='lat' dir='ltr'>commemoratae</span> <span class='ocrx_word' id='word_1_136' title='bbox 801 2620 1063 2674; x_wconf 87' lang='lat' dir='ltr'>Basilicae</span> <span class='ocrx_word' id='word_1_137' title='bbox 1101 2621 1400 2685; x_wconf 82' lang='lat' dir='ltr'>vaticanae,</span> <span class='ocrx_word' id='word_1_138' title='bbox 1444 2620 1730 2673; x_wconf 88' lang='lat' dir='ltr'>ecclesiam</span> <span class='ocrx_word' id='word_1_139' title='bbox 1769 2622 2023 2686; x_wconf 84' lang='lat' dir='ltr'>ingressi,</span> 
     </span>
    </p>
   </div>
   <div class='ocr_carea' id='block_1_13' title="bbox 28 2706 2028 2771">
    <p class='ocr_par' dir='ltr' id='par_1_14' title="bbox 28 2706 2028 2771">
     <span class='ocr_line' id='line_1_23' title="bbox 28 2706 2028 2771; baseline -0.002 -8"><span class='ocrx_word' id='word_1_140' title='bbox 28 2743 33 2745; x_wconf 50' lang='lat'><em>2</em></span> <span class='ocrx_word' id='word_1_141' title='bbox 120 2712 341 2764; x_wconf 89' lang='lat' dir='ltr'>adorato</span> <span class='ocrx_word' id='word_1_142' title='bbox 363 2708 691 2762; x_wconf 76' lang='lat' dir='ltr'>Sanctissimo</span> <span class='ocrx_word' id='word_1_143' title='bbox 712 2707 1055 2771; x_wconf 70' lang='lat' dir='ltr'>Sacramenta,</span> <span class='ocrx_word' id='word_1_144' title='bbox 1086 2707 1320 2759; x_wconf 88' lang='lat' dir='ltr'>induent</span> <span class='ocrx_word' id='word_1_145' title='bbox 1342 2708 1401 2758; x_wconf 90' lang='lat' dir='ltr'>in</span> <span class='ocrx_word' id='word_1_146' title='bbox 1428 2706 1636 2760; x_wconf 88' lang='lat' dir='ltr'>sacellis</span> <span class='ocrx_word' id='word_1_147' title='bbox 1659 2706 2028 2760; x_wconf 84' lang='lat' dir='ltr'>transfixionis</span> 
     </span>
    </p>
   </div>
   <div class='ocr_carea' id='block_1_14' title="bbox 119 2794 2029 2949">
    <p class='ocr_par' dir='ltr' id='par_1_15' title="bbox 119 2794 2029 2949">
     <span class='ocr_line' id='line_1_24' title="bbox 119 2794 2029 2861; baseline -0.003 -11"><span class='ocrx_word' id='word_1_148' title='bbox 119 2799 172 2850; x_wconf 93' lang='lat' dir='ltr'>B.</span> <span class='ocrx_word' id='word_1_149' title='bbox 217 2798 277 2849; x_wconf 88' lang='lat' dir='ltr'>M.</span> <span class='ocrx_word' id='word_1_150' title='bbox 321 2795 380 2848; x_wconf 91' lang='lat' dir='ltr'>V.</span> <span class='ocrx_word' id='word_1_151' title='bbox 426 2801 479 2848; x_wconf 83' lang='lat' dir='ltr'>et</span> <span class='ocrx_word' id='word_1_152' title='bbox 517 2797 566 2847; x_wconf 88' lang='lat' dir='ltr'>S.</span> <span class='ocrx_word' id='word_1_153' title='bbox 615 2794 914 2848; x_wconf 87' lang='lat' dir='ltr'>Sebastiani</span> <span class='ocrx_word' id='word_1_154' title='bbox 961 2808 1139 2846; x_wconf 88' lang='lat' dir='ltr'>sacras</span> <span class='ocrx_word' id='word_1_155' title='bbox 1178 2799 1351 2846; x_wconf 88' lang='lat' dir='ltr'>vestes</span> <span class='ocrx_word' id='word_1_156' title='bbox 1395 2795 1697 2861; x_wconf 89' lang='lat' dir='ltr'>unicuique</span> <span class='ocrx_word' id='word_1_157' title='bbox 1749 2794 1934 2846; x_wconf 89' lang='lat' dir='ltr'>ordini</span> <span class='ocrx_word' id='word_1_158' title='bbox 1975 2799 2029 2846; x_wconf 89' lang='lat' dir='ltr'>et</span> 
     </span>
     <span class='ocr_line' id='line_1_25' title="bbox 120 2880 2023 2949; baseline -0.003 -13"><span class='ocrx_word' id='word_1_159' title='bbox 120 2884 249 2936; x_wconf 90' lang='lat' dir='ltr'>ritui</span> <span class='ocrx_word' id='word_1_160' title='bbox 289 2883 708 2949; x_wconf 87' lang='lat' dir='ltr'>convenientes;</span> <span class='ocrx_word' id='word_1_161' title='bbox 756 2887 808 2933; x_wconf 88' lang='lat' dir='ltr'>et</span> <span class='ocrx_word' id='word_1_162' title='bbox 841 2883 887 2934; x_wconf 93' lang='lat' dir='ltr'>si</span> <span class='ocrx_word' id='word_1_163' title='bbox 926 2881 1087 2933; x_wconf 90' lang='lat' dir='ltr'>latini</span> <span class='ocrx_word' id='word_1_164' title='bbox 1128 2882 1257 2947; x_wconf 85' lang='lat' dir='ltr'>sint,</span> <span class='ocrx_word' id='word_1_165' title='bbox 1300 2881 1485 2934; x_wconf 77' lang='lat' dir='ltr'>coloris</span> <span class='ocrx_word' id='word_1_166' title='bbox 1524 2880 1627 2933; x_wconf 77' lang='lat' dir='ltr'>albi</span> <span class='ocrx_word' id='word_1_167' title='bbox 1666 2896 1792 2934; x_wconf 87' lang='lat' dir='ltr'>cum</span> <span class='ocrx_word' id='word_1_168' title='bbox 1844 2881 2023 2936; x_wconf 89' lang='lat' dir='ltr'>mitris</span> 
     </span>
    </p>
   </div>
   <div class='ocr_carea' id='block_1_15' title="bbox 19 2968 2025 3135">
    <p class='ocr_par' dir='ltr' id='par_1_16' title="bbox 19 2968 2025 3135">
     <span class='ocr_line' id='line_1_26' title="bbox 23 2968 2025 3043; baseline -0.002 -20"><span class='ocrx_word' id='word_1_169' title='bbox 23 2982 40 3043; x_wconf 64' lang='lat' dir='ltr'>J</span> <span class='ocrx_word' id='word_1_170' title='bbox 121 2985 183 3023; x_wconf 85' lang='lat' dir='ltr'>ex</span> <span class='ocrx_word' id='word_1_171' title='bbox 216 2968 356 3037; x_wconf 91' lang='lat' dir='ltr'>lino;</span> <span class='ocrx_word' id='word_1_172' title='bbox 402 2968 693 3022; x_wconf 87' lang='lat' dir='ltr'>orientales</span> <span class='ocrx_word' id='word_1_173' title='bbox 728 2984 854 3021; x_wconf 90' lang='lat' dir='ltr'>vero</span> <span class='ocrx_word' id='word_1_174' title='bbox 894 2969 1044 3020; x_wconf 86' lang='lat' dir='ltr'>iuxta</span> <span class='ocrx_word' id='word_1_175' title='bbox 1082 2983 1276 3021; x_wconf 90' lang='lat' dir='ltr'>eorum</span> <span class='ocrx_word' id='word_1_176' title='bbox 1313 2984 1548 3035; x_wconf 88' lang='lat' dir='ltr'>morem,</span> <span class='ocrx_word' id='word_1_177' title='bbox 1589 2974 1642 3021; x_wconf 88' lang='lat' dir='ltr'>et</span> <span class='ocrx_word' id='word_1_178' title='bbox 1679 2969 1867 3030; x_wconf 82' lang='lat' dir='ltr'>statim</span> <span class='ocrx_word' id='word_1_179' title='bbox 1905 2984 2025 3036; x_wconf 88' lang='lat' dir='ltr'>per-</span> 
     </span>
     <span class='ocr_line' id='line_1_27' title="bbox 19 3046 2019 3135; baseline -0.001 -27"><span class='ocrx_word' id='word_1_180' title='bbox 19 3046 27 3108; x_wconf 74' lang='lat'><em>}</em></span> <span class='ocrx_word' id='word_1_181' title='bbox 104 3061 248 3135; x_wconf 25' lang='lat' dir='ltr'>‘gent</span> <span class='ocrx_word' id='word_1_182' title='bbox 284 3056 352 3108; x_wconf 90' lang='lat' dir='ltr'>ad</span> <span class='ocrx_word' id='word_1_183' title='bbox 389 3070 536 3108; x_wconf 88' lang='lat' dir='ltr'>aram</span> <span class='ocrx_word' id='word_1_184' title='bbox 574 3057 869 3109; x_wconf 87' lang='lat' dir='ltr'>maximam</span> <span class='ocrx_word' id='word_1_185' title='bbox 908 3058 1152 3122; x_wconf 86' lang='lat' dir='ltr'>petentes</span> <span class='ocrx_word' id='word_1_186' title='bbox 1177 3056 1401 3124; x_wconf 87' lang='lat' dir='ltr'>propria</span> <span class='ocrx_word' id='word_1_187' title='bbox 1427 3054 1700 3120; x_wconf 82' lang='lat' dir='ltr'>subsellia,</span> <span class='ocrx_word' id='word_1_188' title='bbox 1743 3060 1795 3108; x_wconf 84' lang='lat' dir='ltr'>et</span> <span class='ocrx_word' id='word_1_189' title='bbox 1822 3056 2019 3110; x_wconf 89' lang='lat' dir='ltr'>adven-</span> 
     </span>
    </p>
   </div>
   <div class='ocr_carea' id='block_1_16' title="bbox 121 3140 2023 3560">
    <p class='ocr_par' dir='ltr' id='par_1_17' title="bbox 121 3140 1498 3210">
     <span class='ocr_line' id='line_1_28' title="bbox 121 3140 1498 3210; baseline 0 -17"><span class='ocrx_word' id='word_1_190' title='bbox 121 3147 239 3195; x_wconf 83' lang='lat' dir='ltr'>turn</span> <span class='ocrx_word' id='word_1_191' title='bbox 277 3142 608 3195; x_wconf 89' lang='lat' dir='ltr'>sanctissimi</span> <span class='ocrx_word' id='word_1_192' title='bbox 647 3143 819 3194; x_wconf 87' lang='lat' dir='ltr'>Patris</span> <span class='ocrx_word' id='word_1_193' title='bbox 857 3143 1060 3209; x_wconf 88' lang='lat' dir='ltr'>pariter</span> <span class='ocrx_word' id='word_1_194' title='bbox 1095 3140 1498 3210; x_wconf 79' lang='lat' dir='ltr'>praestolantes,</span> 
     </span>
    </p>

    <p class='ocr_par' dir='ltr' id='par_1_18' title="bbox 121 3228 2023 3560">
     <span class='ocr_line' id='line_1_29' title="bbox 190 3228 2022 3296; baseline 0.001 -16"><span class='ocrx_word' id='word_1_195' title='bbox 190 3229 323 3281; x_wconf 88' lang='lat' dir='ltr'>Cum</span> <span class='ocrx_word' id='word_1_196' title='bbox 362 3229 625 3283; x_wconf 87' lang='lat' dir='ltr'>Sanctitas</span> <span class='ocrx_word' id='word_1_197' title='bbox 664 3229 774 3282; x_wconf 89' lang='lat' dir='ltr'>Sua</span> <span class='ocrx_word' id='word_1_198' title='bbox 823 3228 883 3280; x_wconf 91' lang='lat' dir='ltr'>in</span> <span class='ocrx_word' id='word_1_199' title='bbox 931 3230 1172 3296; x_wconf 86' lang='lat' dir='ltr'>praefato</span> <span class='ocrx_word' id='word_1_200' title='bbox 1223 3228 1420 3283; x_wconf 88' lang='lat' dir='ltr'>sacello</span> <span class='ocrx_word' id='word_1_201' title='bbox 1475 3229 1805 3296; x_wconf 84' lang='lat' dir='ltr'>Gregoriano</span> <span class='ocrx_word' id='word_1_202' title='bbox 1857 3230 2022 3282; x_wconf 86' lang='lat' dir='ltr'>sacris</span> 
     </span>
     <span class='ocr_line' id='line_1_30' title="bbox 121 3315 2023 3382; baseline 0.001 -16"><span class='ocrx_word' id='word_1_203' title='bbox 121 3316 365 3369; x_wconf 77' lang='lat' dir='ltr'>vestibus</span> <span class='ocrx_word' id='word_1_204' title='bbox 401 3323 627 3369; x_wconf 86' lang='lat' dir='ltr'>ornatus</span> <span class='ocrx_word' id='word_1_205' title='bbox 666 3316 853 3382; x_wconf 86' lang='lat' dir='ltr'>fuerit,</span> <span class='ocrx_word' id='word_1_206' title='bbox 893 3316 1063 3368; x_wconf 88' lang='lat' dir='ltr'>E.1nis</span> <span class='ocrx_word' id='word_1_207' title='bbox 1102 3322 1156 3369; x_wconf 87' lang='lat' dir='ltr'>et</span> <span class='ocrx_word' id='word_1_208' title='bbox 1191 3317 1362 3369; x_wconf 91' lang='lat' dir='ltr'>R.mis</span> <span class='ocrx_word' id='word_1_209' title='bbox 1399 3316 1496 3368; x_wconf 85' lang='lat' dir='ltr'><strong>DI).</strong></span> <span class='ocrx_word' id='word_1_210' title='bbox 1533 3315 1907 3370; x_wconf 86' lang='lat' dir='ltr'>Cardinalibus</span> <span class='ocrx_word' id='word_1_211' title='bbox 1935 3332 2023 3368; x_wconf 90' lang='lat' dir='ltr'>co-</span> 
     </span>
     <span class='ocr_line' id='line_1_31' title="bbox 122 3401 2022 3470; baseline 0.001 -18"><span class='ocrx_word' id='word_1_212' title='bbox 122 3401 436 3455; x_wconf 85' lang='lat' dir='ltr'>mitantibus</span> <span class='ocrx_word' id='word_1_213' title='bbox 474 3404 774 3456; x_wconf 88' lang='lat' dir='ltr'>ordinatim</span> <span class='ocrx_word' id='word_1_214' title='bbox 813 3403 1070 3470; x_wconf 86' lang='lat' dir='ltr'>procedet</span> <span class='ocrx_word' id='word_1_215' title='bbox 1096 3405 1164 3455; x_wconf 91' lang='lat' dir='ltr'>ad</span> <span class='ocrx_word' id='word_1_216' title='bbox 1191 3404 1534 3456; x_wconf 88' lang='lat' dir='ltr'>adorandum</span> <span class='ocrx_word' id='word_1_217' title='bbox 1563 3403 2022 3470; x_wconf 85' lang='lat' dir='ltr'>Augustissimum</span> 
     </span>
     <span class='ocr_line' id='line_1_32' title="bbox 123 3486 1538 3560; baseline 0.003 -20"><span class='ocrx_word' id='word_1_218' title='bbox 123 3486 552 3560; x_wconf 74' lang='lat' dir='ltr'>Sacramentum,</span> <span class='ocrx_word' id='word_1_219' title='bbox 596 3496 647 3545; x_wconf 88' lang='lat' dir='ltr'>et</span> <span class='ocrx_word' id='word_1_220' title='bbox 685 3489 882 3544; x_wconf 87' lang='lat' dir='ltr'>deinde</span> <span class='ocrx_word' id='word_1_221' title='bbox 919 3489 988 3558; x_wconf 81' lang='lat' dir='ltr'>ad</span> <span class='ocrx_word' id='word_1_222' title='bbox 1026 3504 1176 3544; x_wconf 85' lang='lat' dir='ltr'>aram</span> <span class='ocrx_word' id='word_1_223' title='bbox 1215 3492 1538 3560; x_wconf 89' lang='lat' dir='ltr'>principem.</span> 
     </span>
    </p>
   </div>
   <div class='ocr_carea' id='block_1_17' title="bbox 1707 3635 1733 3686">
    <p class='ocr_par' dir='ltr' id='par_1_19' title="bbox 1707 3635 1733 3686">
     <span class='ocr_line' id='line_1_33' title="bbox 1707 3635 1733 3686; baseline 0 0"><span class='ocrx_word' id='word_1_224' title='bbox 1707 3635 1733 3686; x_wconf 76' lang='lat'>5</span> 
     </span>
    </p>
   </div>
  </div>
 </body>
</html>
