2488 4290
320 342 379 389 68

319 451 505 505 sertim
544 447 706 500 etiam
744 461 854 498 non
907 445 973 496 ad
1024 455 1216 496 omnes
1275 458 1396 505 605,
1459 440 1656 508 quihus
1706 441 2041 507 nominatim
2084 443 2212 498 illae

320 541 495 590 essent
530 532 886 595 intimandae,
933 535 1085 582 tutus
1136 530 1364 580 forsitan
1402 532 1582 595 pateat
1620 542 1891 591 accessuS,
1934 527 2208 597 volumuS‚

318 628 372 675 et
407 620 731 673 mandamus
753 661 766 681 ‚
828 624 890 668 ut
942 617 1001 667 in
1039 613 1496 666 patriarchalibus
1550 612 1797 665 Basilicis
1846 614 2205 680 Lateranensi,

316 708 583 767 Vaticana,
629 710 682 755 et
717 703 1038 767 Liberiana,
1099 715 1226 751 cum
1281 700 1359 750 ibi
1415 697 1716 750 multitudo
1770 698 1960 767 populi
1999 701 2068 752 ad
2117 715 2213 753 au-

320 793 575 846 diendam
612 805 728 841 rem
767 788 1004 838 divinam
1046 785 1355 850 congregari
1396 783 1555 836 solita
1583 790 1675 848 est,
1708 784 1890 851 palam
1916 786 2060 839 clara
2082 802 2213 840 voce

318 895 415 946 per
453 878 644 928 Curiae
682 875 900 925 Nostrae
938 886 1199 932 cursoreS,
1258 877 1354 921 aut
1410 868 1620 935 aliquos
1675 870 1924 936 publicos
1971 874 2212 927 notarios

317 965 586 1030 legantur,
628 959 906 1024 lectaeque
942 958 1000 1007 in
1039 955 1202 1007 valvis
1241 955 1507 1007 dictarum
1543 956 1925 1022 Ecclesiarum‚
1968 959 2210 1027 itemque

320 1048 677 1103 Cancelleriae
715 1042 1039 1111 apostolicae
1077 1042 1261 1108 portiS,
1296 1047 1349 1093 et
1374 1043 1562 1110 Campi
1586 1041 1772 1094 Florae
1800 1043 1964 1096 solito
1990 1044 2126 1109 1000,
2160 1051 2214 1098 et

315 1139 374 1188 in
414 1134 531 1187 aliis
569 1132 835 1184 consuetis
871 1128 1004 1180 locis
1030 1128 1317 1192 affigantur
1343 1128 1437 1179 ubi
1463 1128 1532 1180 ad
1557 1128 1854 1181 lectionem
1881 1136 1935 1182 et
1958 1131 2212 1183 notitiam

318 1226 641 1275 cunctorum
661 1215 982 1281 aliquandiu
1010 1215 1241 1279 exposite
1267 1215 1555 1280 pendeant,
1582 1230 1820 1282 cumque
1846 1216 1975 1268 inde
1997 1233 2213 1270 amove-

312 1309 530 1367 buntur,
573 1319 760 1355 earum
798 1298 1168 1352 nihilominus
1208 1300 1453 1367 exempla
1491 1302 1551 1352 in
1591 1300 1840 1353 eiusdem
1866 1301 2000 1354 locis
2036 1319 2214 1356 rema·

318 1397 484 1445 neant
520 1389 686 1442 affixa.
729 1388 831 1439 Nos
871 1386 1019 1438 enim
1056 1401 1152 1452 per
1188 1386 1511 1438 huiusmodi
1549 1385 1858 1452 lectionem,
1884 1388 2212 1455 publicatio-

318 1493 462 1540 nem,
507 1475 942 1538 affixionemque,
975 1486 1180 1534 omneS,
1216 1477 1269 1522 et
1301 1479 1698 1538 quoscumque,
1731 1488 1868 1538 quos
1905 1473 2212 1539 praedictae

318 1563 532 1614 Nostrae
557 1561 789 1612 Litterae
827 1557 1317 1624 comprehendunt,
1361 1563 1481 1624 post
1517 1559 1754 1625 spatium
1784 1559 2019 1610 duorum
2058 1575 2209 1612 men-

321 1649 465 1699 sium
505 1663 536 1698 a
572 1647 661 1697 die
697 1646 1018 1695 Litterarum
1056 1641 1442 1709 publicationis
1481 1649 1536 1695 et
1559 1644 1820 1696 affixionis
1843 1645 1919 1696 ita
1957 1643 2212 1699 volumus

321 1732 582 1799 obligatos
621 1747 733 1783 esse
760 1736 812 1781 et
835 1731 1129 1793 adstrict05‚
1163 1746 1225 1782 ac
1249 1731 1295 1782 si
1320 1731 1564 1798 ipsismet
1590 1729 1718 1782 illae
1746 1746 1930 1782 coram
1960 1731 2132 1785 lectae
2160 1739 2214 1785 et

316 1820 596 1870 intimatae
624 1823 815 1880 essent,
848 1817 1200 1883 transumptis
1226 1817 1453 1883 quidem
1480 1832 1686 1880 earum,
1725 1832 1864 1884 quae
1903 1833 2075 1887 manu
2112 1836 2214 1886 pu-

315 1905 446 1957 blici
481 1904 680 1955 notarii
706 1904 920 1970 scripta,
947 1908 1039 1954 aut
1062 1904 1371 1970 subscripta,
1400 1907 1453 1955 et
1475 1902 1659 1968 sigillo
1687 1919 1950 1971 personae
1977 1903 2210 1957 alicuius

311 1989 707 2043 Ecclesiasticae
732 1992 791 2042 in
818 1991 1080 2056 dignitate
1109 1991 1427 2041 constitutae
1453 1990 1671 2041 munita
1706 1990 1925 2054 fuerint,
1973 1995 2035 2042 ut
2074 1990 2210 2045 fides

318 2082 471 2138 certa,
516 2081 567 2128 et
602 2075 902 2127 indubitata
937 2076 1215 2139 habeatur,
1260 2075 1587 2127 mandamus
1623 2090 1685 2127 ac
1722 2075 2077 2129 decernimus,

324 2330 371 2377 ai
403 2330 540 2390 quali
592 2329 1079 2377 nominativamente
1125 2329 1390 2377 sarebbero
1435 2330 1499 2375 da
1543 2329 1814 2389 intimarsi,
1865 2329 1993 2377 forse
2038 2342 2143 2377 non
2185 2329 2214 2377 ὁ

319 2404 493 2464 aperta
522 2404 688 2451 sicura
717 2406 767 2449 la
797 2404 897 2462 via,
933 2404 1190 2462 vogliamo
1221 2417 1249 2450 6
1295 2404 1645 2451 comandiamo
1667 2403 1759 2451 che
1789 2415 1896 2451 esse
1927 2404 2067 2451 sieno
2087 2402 2227 2456 lette,

319 2492 349 2525 a
379 2479 550 2526 chiara
578 2479 639 2525 ed
690 2479 791 2525 alta
822 2491 943 2525 voce
976 2478 1058 2524 dai
1111 2478 1271 2524 nostri
1323 2478 1517 2525 cursori
1549 2491 1578 2524 o
1610 2479 1675 2524 da
1716 2478 1886 2525 alcuni
1918 2478 2058 2524 notai
2088 2478 2212 2536 pub-

318 2552 436 2599 blici
464 2553 594 2599 nelle
622 2552 911 2610 patriarcali
941 2552 1187 2599 Basiliche
1219 2552 1576 2611 Lateranense‚
1611 2551 1858 2599 Vaticana
1875 2564 1902 2599 e
1923 2551 2208 2611 Liberiana,

321 2627 523 2686 quando
551 2627 587 2671 il
616 2627 793 2685 popolo
842 2626 1128 2674 interviene
1174 2627 1269 2674 alle
1300 2638 1440 2674 sacre
1469 2626 1716 2686 funzioni,
1749 2639 1776 2673 e
1808 2627 1935 2685 dopo
1966 2626 2058 2674 0116
2089 2638 2211 2672 50110

320 2699 449 2747 state
478 2699 599 2747 lette
629 2713 870 2759 vengano
902 2701 1068 2748 affisse
1099 2701 1194 2748 alle
1224 2699 1367 2759 porte
1399 2701 1528 2748 delle
1559 2700 1695 2748 dette
1717 2700 1883 2748 chiese
1903 2701 1966 2748 ed
1997 2713 2028 2747 a
2048 2702 2212 2762 quelle

319 2773 449 2820 della
478 2771 788 2820 Cancelleria
821 2774 1109 2833 apostoliea,
1142 2787 1170 2821 6
1200 2775 1283 2822 1161
1314 2773 1459 2821 solito
1488 2775 1644 2833 luogo
1675 2774 1725 2820 di
1743 2773 1929 2833 Campo
1961 2774 2012 2820 di
2028 2773 2162 2822 Fiorl
2183 2787 2211 2822 e

318 2846 460 2906 negli
490 2846 604 2894 altri
654 2848 785 2894 soliti
829 2848 1010 2907 luoghi
1041 2861 1134 2896 ove
1165 2849 1360 2896 devono
1407 2849 1659 2897 rimanere
1689 2848 1882 2908 esposte
1912 2861 2001 2908 per
2048 2861 2211 2898 essere

321 2921 441 2968 lette
486 2934 514 2967 e
563 2922 848 2969 conosciute
895 2923 959 2969 da
1005 2923 1126 2970 tutti
1183 2926 1347 2972 coloro
1402 2924 1494 2972 0116
1541 2924 1780 2983 vogliono
1832 2925 2131 2983 conoscerle,
2183 2937 2210 2972 e

324 2996 527 3055 quando
559 3007 777 3043 saranno
807 2997 1013 3045 rimosse
1043 2999 1351 3058 rimangano
1383 2999 1548 3046 affisse
1596 3000 1643 3046 le
1674 2998 1813 3058 copie
1845 2999 1896 3045 di
1931 3010 2038 3046 esse
2067 2999 2211 3059 negli

321 3069 465 3116 stessi
492 3069 688 3128 luoghi.
720 3071 1039 3129 Imperooche
1068 3074 1160 3120 Noi
1190 3086 1280 3132 per
1312 3074 1491 3134 questa
1520 3073 1726 3132 lettura,
1750 3073 2129 3132 pubblicazione
2149 3074 2211 3120 ed

322 3143 572 3190 affissione
620 3145 874 3203 vogliamo
905 3147 1013 3205 che,
1047 3148 1174 3206 dopo
1203 3150 1251 3195 lo
1298 3149 1465 3207 spazio
1513 3148 1564 3195 di
1614 3149 1713 3195 due
1757 3147 1882 3195 mesi
1913 3147 1994 3193 dal
2026 3147 2210 3206 giorno

323 3218 453 3265 della
481 3217 859 3275 pubblicazione
890 3220 951 3266 ed
1002 3221 1269 3282 affissione,
1303 3223 1603 3282 obblighino
1647 3235 1675 3268 e
1720 3221 2050 3280 costringano
2080 3220 2205 3268 tut-ti

324 3293 502 3350 colom,
535 3291 626 3339 che
647 3304 752 3339 esse
784 3295 1172 3355 comprendon0‚
1207 3309 1346 3344 come
1377 3310 1429 3344 se
1457 3298 1562 3344 loro
1607 3297 1791 3343 fossero
1835 3294 1966 3343 state
1995 3294 2115 3343 lette
2144 3295 2206 3343 ed

321 3364 554 3412 intimate
604 3367 1021 3424 personalmente.
1076 3370 1189 3415 Alla
1235 3371 1378 3430 copia
1422 3372 1548 3419 delle
1598 3370 1752 3419 stesse
1784 3369 1959 3417 scritta
1990 3369 2055 3416 da
2084 3369 2209 3428 pub-

324 3438 454 3486 blico
484 3438 671 3498 notam,
706 3439 1012 3488 sottoscritta
1043 3455 1070 3489 e
1099 3444 1299 3491 munita
1331 3446 1409 3493 del
1459 3445 1627 3504 sigillo
1658 3444 1709 3492 di
1739 3456 1952 3504 persona
1982 3442 2207 3491 ecclesia-

323 3512 450 3559 stica
480 3511 736 3560 costituita
763 3513 818 3559 in
850 3514 1069 3575 dignita,
1103 3518 1450 3573 comandiamo
1482 3519 1544 3577 ed
1574 3518 1853 3580 ordiniarno
1884 3517 1977 3577 che
2005 3516 2048 3576 si
2060 3516 2209 3575 abbia

321 3586 430 3639 fede
459 3586 596 3648 certa
627 3586 689 3636 ed
718 3587 1022 3652 indubitata.
