2488 4290
2002 320 2088 376 281·

88 447 89 450 ’
187 434 440 485 cernimus
480 431 604 483 alios
651 435 840 495 gestire
885 433 1106 494 laetitia,
1155 432 1276 494 quia
1318 445 1473 493 prope
1524 432 1742 482 credunt
1793 433 2092 493 redemptio-

0 883 14 1195 ἱ

187 522 305 558 nem
337 509 420 570 (1),
453 510 577 556 alios
608 523 831 559 arescere
863 522 984 570 prae
1005 509 1187 557 timore
1211 508 1271 569 (2)
1299 508 1420 568 quia
1441 507 1686 556 iudicium
1715 507 1788 555 est
1808 508 1983 555 mundi
2006 507 2090 568 (3),

187 585 238 632 et
266 585 525 631 infernum
555 585 724 644 ipsum
755 586 895 632 rabie
926 585 1139 632 fremere
1171 584 1222 631 et
1258 583 1663 641 contremiscere,
1710 583 1832 641 quia
1862 583 2094 641 princeps

187 658 339 706 huius
367 659 559 713 mundi,
591 660 675 706 cui
707 673 893 707 nomen
925 659 1249 706 mendacium
1281 658 1332 705 et
1363 670 1520 716 error,
1565 658 1792 704 eiicietur
1814 658 1968 716 foras
2010 656 2090 717 (4).

188 733 253 779 Ec
282 733 465 780 movebo
495 734 680 782 coelum
722 735 769 782 et
799 736 1015 789 terram,
1048 734 1094 781 et
1123 745 1261 782 mare
1292 733 1339 780 et
1375 732 1576 780 aridam
1617 733 1664 779 et
1704 732 1891 780 movebo
1931 742 2092 779 omnes

182 807 348 866 qentes
381 807 461 869 (5).

249 883 343 930 Ast
370 883 618 931 iudicium
653 885 756 932 iam
799 884 927 932 sedit
972 885 1055 946 (6),
1088 884 1139 932 et
1179 883 1430 930 videbunt
1471 896 1649 931 omnes
1686 882 1861 942 populi
1904 881 2093 928 Christi

190 956 448 1004 Vicarium
478 958 533 1004 in
564 959 755 1007 virtute
776 961 948 1010 ,multa
979 960 1030 1007 et
1051 959 1334 1018 maiestate,
1357 959 1408 1006 et
1428 971 1604 1006 omnes
1625 958 1964 1006 Ecclesiarum
1989 958 2093 1001 An-

191 1032 334 1089 gelos
367 1044 485 1078 cum
517 1045 594 1091 ec,
628 1034 718 1094 qui
747 1033 803 1079 in
834 1034 1050 1082 veritate
1079 1033 1385 1080 iudicabunt
1416 1034 1470 1079 in
1502 1033 1800 1080 nationibus
1834 1031 1916 1093 (7).
1964 1030 2101 1076 Iudi-

190 1106 398 1166 cabunt,
436 1108 487 1154 et
528 1107 734 1156 afflante
781 1108 975 1167 Spiritu
1024 1108 1228 1162 Sancto,
1277 1108 1424 1156 cuius
1469 1107 1802 1155 ventilabrum
1844 1107 1900 1154 in
1944 1116 2098 1152 manu

189 1180 411 1239 ipsorum
445 1181 527 1242 (8),
561 1183 865 1242 purgabunt
895 1195 1066 1230 aream
1098 1194 1262 1242 suam,
1289 1195 1420 1242 quae
1442 1183 1519 1230 est
1539 1182 1778 1242 Ecclesia,
1801 1184 1852 1229 et
1873 1193 2099 1240 granum

191 1267 223 1300 a
252 1257 413 1315 palea,
446 1256 499 1303 id
530 1259 623 1317 est,
656 1258 908 1306 iustitiam
939 1258 1003 1304 ab
1034 1257 1325 1317 iniquitate,
1357 1257 1559 1304 licitum
1590 1258 1654 1303 ab
1690 1257 1883 1316 illicit0,
1916 1256 2101 1303 verita-

190 1330 295 1377 tem
325 1331 389 1378 ab
420 1344 587 1380 errore
618 1333 904 1393 secernent,
937 1334 988 1381 et
1019 1333 1324 1392 repetenteS,
1358 1333 1494 1393 quod
1524 1332 1688 1391 primo
1725 1332 1780 1377 in
1824 1330 2098 1378 Ierusalem
2166 1382 2171 1388 ,

191 1405 269 1452 est
297 1407 713 1464 pronuntiatum:
758 1408 929 1455 Visum
959 1407 1032 1455 est
1062 1407 1288 1468 Spiritui
1318 1407 1494 1455 Sancto
1525 1407 1572 1453 et
1601 1406 1735 1454 nobis
1769 1405 1852 1467 (9),
1873 1405 1965 1453 Dei
1987 1406 2096 1464 glo-

191 1480 322 1527 riam
351 1481 403 1528 et
431 1482 634 1530 laudem
664 1483 953 1542 augebunt,
987 1483 1234 1531 fovebunt
1269 1483 1447 1542 bonOS,
1491 1482 1808 1530 revocabunt
1851 1481 2098 1538 erranteS,

191 1554 470 1604 haereticos
499 1569 559 1605 ac
588 1557 843 1617 improbos
873 1558 1198 1613 coercebunt,
1231 1560 1282 1605 et
1304 1558 1738 1606 condemnabunt.
1773 1555 2099 1612 Iudicabunt,

193 1629 244 1676 et
279 1628 521 1678 afflictam
568 1644 628 1679 ac
672 1632 982 1692 prostratam
1026 1633 1104 1680 tot
1149 1633 1376 1680 adversis
1423 1631 1756 1680 christianam
1801 1630 2104 1688 civilemque

192 1703 355 1763 ipsam
385 1707 752 1766 rempublicam
783 1708 1087 1767 restituent;
1111 1708 1162 1755 et
1180 1707 1459 1767 pristinum
1481 1707 1731 1766 decorem,
1755 1718 1815 1753 ac
1835 1705 2102 1764 antiquam

193 1779 627 1837 pulchritudinem
641 1781 829 1830 Christi
844 1795 1059 1842 sponsae
1081 1783 1463 1830 instaurabunt.
1488 1780 1816 1841 Iudicabunt,
1841 1780 1892 1827 et
1914 1778 2102 1826 Christi

193 1864 254 1900 ac
284 1854 532 1902 Ecclesiae
562 1855 794 1904 hostibus
822 1857 951 1904 fusis
982 1870 1042 1905 ac
1074 1857 1328 1918 dispersis„
1380 1869 1486 1903 non
1533 1857 1598 1903 ad
1642 1855 1860 1903 mortem
1907 1850 1995 1902 sed
2040 1854 2104 1900 ad

194 1929 428 1989 salutem,
461 1944 611 1979 omne
656 1932 983 1987 mendacium
1014 1933 1066 1980 et
1095 1945 1317 1980 errorem
1359 1931 1664 1980 revelabunt
1708 1931 1760 1978 et
1805 1929 2103 1989 conterent3

196 2002 450 2053 reflorebit
465 2006 679 2067 iustitia,
698 2007 749 2054 et
764 2020 967 2055 morum
984 2007 1218 2055 doctrina
1240 2020 1299 2054 ac
1320 2006 1577 2054 felicitatis
1597 2005 1777 2053 semita
1800 2005 2105 2064 divinaeque

195 2078 343 2126 iubar
375 2080 606 2127 veritatis
628 2081 828 2128 cunctis
850 2081 1097 2140 gentibus
1117 2081 1394 2141 illucescet,
1418 2081 1469 2128 et
1490 2079 1685 2140 Spiritu
1706 2079 1894 2126 Sancto
1915 2079 2106 2139 ubique

183 2154 250 2199 'in
282 2155 400 2202 orbe
429 2155 684 2203 terrarum
714 2156 914 2204 noviter
944 2156 995 2204 et
1016 2156 1367 2203 abundantius
1387 2155 1566 2215 effuso,
1588 2155 1920 2202 renovabitur
1951 2154 2106 2202 facies

195 2229 361 2277 terrae
384 2228 502 2290 (10):
538 2242 597 2278 ac
617 2231 821 2277 utinam
842 2231 949 2290 fiat,
973 2231 1064 2278 fiat
1094 2243 1249 2278 unum
1279 2230 1404 2277 ovile
1435 2230 1482 2277 et
1510 2241 1643 2277 unus
1665 2229 1842 2289 pastor
1867 2228 1989 2290 (ll)!
2027 2228 2107 2274 Iu-

197 2303 461 2358 dicabunt,
493 2306 545 2352 et
575 2318 751 2353 eorum
781 2306 972 2353 iudicia
1002 2307 1114 2353 rata
1151 2305 1479 2352 habebuntur
1525 2306 1581 2351 in
1628 2305 1782 2364 coe10,
1831 2304 1882 2352 et
1928 2316 2102 2350 mane-

197 2376 330 2425 bunt
358 2378 414 2425 in
444 2382 663 2440 saecula,
703 2380 1038 2427 monumenta
1083 2380 1203 2428 viva
1245 2380 1400 2440 atque
1439 2379 1648 2427 aeterna
1690 2378 1975 2426 divinitatis
2019 2378 2107 2425 Ec-

198 2452 377 2499 clesiae
406 2465 620 2513 sponsae
651 2454 856 2515 Christi,
890 2456 944 2501 in
977 2468 1133 2516 quam
1163 2455 1275 2503 ideo
1305 2455 1558 2501 inutiliter
1579 2454 1866 2512 insurgunt
1897 2453 2099 2512 gentes,

199 2527 250 2573 et
279 2540 429 2588 reges
458 2530 510 2577 et
538 2530 794 2590 principes
823 2531 874 2578 et
903 2531 1079 2590 populi
1109 2530 1424 2579 meditantur
1455 2530 1632 2576 inania
1666 2529 1777 2590 (12).

267 2741 328 2806 (1)
362 2744 504 2806 Luc„
536 2745 613 2806 21,
646 2745 722 2794 28.

265 2819 328 2880 (2)
356 2819 502 2881 Luc.,
534 2821 611 2876 21,
642 2821 717 2869 26.

264 2893 329 2954 (3)
363 2895 524 2954 Ioan.,
558 2895 633 2954 12,
665 2895 742 2942 31.

268 2967 330 3029 (4)
367 2969 528 3028 Ioan.,
563 2969 638 3030 12,
671 2970 749 3017 31.

267 3041 328 3103 (5)
364 3043 528 3103 Agga,
560 3043 607 3104 2,
639 3044 686 3104 7,
717 3046 765 3092 8.

267 3115 329 3178 (6)
364 3117 514 3178 Dan„
546 3117 593 3179 ⁹7,
628 3119 701 3166 10.

268 3189 331 3252 (7)
364 3191 443 3238 Ps,
478 3192 583 3249 109,
613 3193 659 3241 6.

267 3264 329 3326 (8)
362 3266 563 3328 Matth.,
594 3268 642 3329 3,
676 3268 749 3317 12.

268 3339 332 3401 (9)
362 3341 495 3402 Act.,
530 3341 604 3403 15,
635 3343 712 3392 28.

270 3413 361 3477 (10)
396 3416 475 3463 Ps.
510 3417 615 3479 103,
647 3419 723 3466 30.

276 3489 366 3551 (11)
404 3492 563 3552 Ioan.,
598 3494 672 3555 10,
707 3493 778 3544 16.

269 3564 360 3625 (12)
394 3565 471 3613 Ps.
504 3567 551 3628 2,
586 3568 628 3615 1.
