2488 4290
398 295 483 346 1¹78

398 410 581 456 mente
619 406 660 457 V
698 405 802 476 (1),
867 423 898 458 a
952 405 1210 472 Gregorio
1250 406 1336 461 XV
1373 407 1471 478 (2),
1535 408 1601 461 ab
1665 404 1876 462 Urbano
1915 403 2025 462 VIII
2064 405 2133 482 (3)
2171 415 2224 462 et
2260 419 2292 463 a

400 492 676 544 Clemente
715 493 805 544 XII
843 492 911 562 (4)
951 494 1126 546 editae
1184 502 1312 545 sunt
1368 496 1827 562 ConstitutioneS,
1891 498 2094 563 quibus
2157 498 2290 549 dum

398 579 573 630 multa
610 577 718 630 alia
755 579 1225 645 praescribuntur,
1296 588 1355 632 ut
1392 582 1672 645 negotium
1714 584 1848 633 tanti
1888 584 2152 634 momenti
2188 584 2288 634 rite

401 671 651 731 recteque
692 665 1005 731 expediatur
1043 667 1346 729 generatim
1388 673 1441 717 et
1465 668 1664 732 absque
1702 667 1812 719 ulla
1850 670 2160 733 exceptione
2199 669 2290 719 de-

399 751 639 802 claratur
663 765 723 802 ac
749 750 1058 801 decernitur
1084 749 1406 802 electionem
1434 751 1648 803 Summi
1671 753 1949 805 Pontificis
1974 755 2042 805 ad
2069 753 2117 804 S.
2142 754 2198 804 R.
2231 754 2282 803 E.

399 835 766 888 Cardinalium
806 834 1105 900 Collegium
1143 836 1305 887 unice
1344 844 1396 888 et
1432 837 1693 890 exclusive
1713 845 1967 905 spectare.

469 923 612 975 Haec
648 922 750 974 Nos
787 922 973 972 animo
1012 920 1342 988 recolentes,
1410 938 1537 974 cum
1574 927 1990 976 oecumenicum
2029 930 2082 976 et
2127 939 2291 989 gene-

399 1008 509 1061 rale
548 1006 853 1059 Concilium
890 1007 1212 1058 Vaticanum
1268 1024 1363 1074 per
1416 1008 1738 1075 Apostolicas
1773 1010 1996 1062 Litteras
2031 1026 2168 1076 quae
2205 1011 2291 1060 in-

400 1093 611 1161 cipiunt
648 1096 867 1145 Aeternis
904 1095 1070 1143 Patris
1107 1089 1175 1142 III
1212 1089 1321 1144 kal.
1366 1093 1526 1145 Iulias
1588 1110 1731 1146 anno
1796 1095 1930 1147 1868
1954 1138 1967 1158 ,
2036 1112 2067 1146 a
2127 1096 2291 1148 Nobis

399 1183 691 1245 indictum,
733 1181 790 1230 in
831 1195 893 1230 eo
933 1180 1042 1229 iam
1080 1181 1150 1230 sit
1187 1186 1250 1231 ut
1287 1178 1607 1232 solemniter
1655 1182 1934 1245 initietur,
2000 1183 2293 1249 Apostolici

399 1268 574 1320 Nostri
612 1265 858 1317 muneris
898 1280 1009 1316 esse
1049 1266 1335 1329 ducimUS,
1387 1282 1792 1333 quamcumque
1831 1269 2172 1319 occasionem
2210 1268 2294 1319 di-

395 1353 734 1404 scordiarum
771 1358 819 1403 et
857 1352 1263 1403 dissensionum
1301 1354 1444 1404 circa
1483 1353 1810 1405 electionem
1849 1353 2061 1404 Summi
2110 1355 2293 1404 Ponti-

398 1434 517 1490 ficis
555 1437 867 1505 praevenire
906 1452 967 1488 ac
1002 1438 1330 1504 praecidere,
1376 1440 1421 1490 si
1458 1438 1685 1491 Divinae
1722 1439 1994 1491 voluntati
2029 1436 2294 1505 placuerit

399 1526 519 1588 Nos,
564 1525 757 1576 eodem
794 1522 1032 1574 Concilio
1061 1523 1405 1590 perdurante,
1451 1541 1511 1576 ex
1535 1525 1639 1576 hac
1660 1523 1880 1576 mortali
1905 1527 2014 1576 vita
2037 1526 2284 1589 migrare·

471 1611 805 1677 Quapropter
830 1608 1074 1675 exemplo
1101 1611 1332 1676 permoti
1358 1609 1443 1662 fel.
1488 1611 1695 1662 record.
1727 1610 1854 1662 Iulii
1889 1611 1950 1673 II,
1994 1611 2293 1662 Decessoris

401 1684 612 1758 Nostri,
659 1696 724 1746 de
763 1711 909 1761 qu0,
962 1702 1303 1760 compertum
1343 1711 1403 1747 ex
1440 1695 1667 1748 historia
1705 1703 1782 1749 est
1817 1695 1885 1766 (5)
1926 1704 2168 1762 tempore
2205 1710 2292 1761 ge-

399 1780 596 1834 neralis
658 1779 887 1831 Concilii
951 1781 1322 1832 Lateranensis
1376 1781 1419 1832 V
1479 1779 1669 1832 lethali
1728 1782 1919 1834 morbo
1981 1786 2293 1847 correptum

400 1865 703 1918 Cardinales
742 1881 925 1917 coram
962 1882 1017 1917 se
1057 1881 1408 1928 convocasse,
1473 1883 1535 1918 ac
1572 1868 1638 1919 de
1675 1866 1923 1932 legitima
1960 1866 2293 1918 Successoris

402 1954 497 2004 Sui
537 1952 802 2003 electione
840 1951 1135 2002 sollicitum
1164 1996 1176 2015 ,
1221 1952 1330 2004 illis
1368 1954 1702 2005 adstantibus
1740 1954 1962 2004 edixisse
2000 1953 2144 2003 hanc
2182 1966 2293 2002 non

404 2054 433 2090 a
472 2039 749 2105 praedicto
790 2036 1065 2103 Concilio,
1131 2040 1224 2090 sed
1284 2039 1350 2090 ab
1414 2055 1601 2091 eorum
1653 2045 1863 2090 tantum
1903 2038 2138 2102 Collegio
2176 2052 2293 2089 esse

400 2124 806 2190 perficiendam,
854 2133 1016 2190 prout
1054 2140 1273 2191 reapse,
1318 2126 1610 2177 memorati
1648 2124 1777 2175 Iulii
1815 2130 2044 2190 sequuta
2081 2128 2284 2184 morte,

401 2212 604 2262 factum
643 2211 808 2261 fuisse
849 2217 1090 2272 constat,
1154 2219 1313 2275 atque
1366 2209 1611 2278 exemplo
1649 2212 1876 2277 insuper
1914 2209 2125 2259 excitati
2163 2206 2295 2259 alio-

397 2313 521 2347 rum
560 2299 912 2348 Decessorum
940 2297 1257 2347 Nostrorum
1298 2298 1431 2347 item
1471 2296 1559 2348 fel.
1591 2312 1699 2349 rec.
1729 2294 1885 2347 Pauli
1921 2293 1987 2344 III
2025 2300 2078 2345 et
2099 2294 2180 2344 Pii
2205 2292 2288 2358 IV,

400 2398 636 2448 quorum
674 2383 887 2448 primus
925 2381 1240 2447 Apostolicis
1278 2383 1487 2433 Litteris
1526 2383 1665 2434 datis
1701 2381 1769 2431 III
1817 2380 1925 2431 kal.
1988 2380 2294 2431 Decembris

402 2484 487 2519 an.
537 2467 669 2517 1544
694 2511 705 2530 ,
750 2468 888 2520 alter
924 2483 1049 2518 vero
1090 2466 1363 2519 similibus
1398 2469 1613 2519 Litteris
1650 2468 1787 2518 datis
1815 2467 1867 2522 ,X
1902 2465 2008 2517 kal.
2056 2464 2295 2515 Octobris

407 2554 557 2615 1561,
604 2569 791 2604 casum
819 2554 1010 2604 mortis
1049 2568 1179 2603 suae
1217 2553 1586 2619 praevidentes
1614 2568 1739 2604 cum
1765 2551 2085 2603 Tridentina
2121 2551 2297 2616 Syno-

404 2641 505 2690 dus
545 2637 936 2700 celebraretur,
998 2640 1386 2703 decreverunt,
1446 2639 1716 2691 eiusmodi
1756 2654 1884 2689 casu
1940 2643 2284 2711 occurrente,

405 2725 726 2775 electionem
768 2725 894 2774 novi
931 2724 1204 2775 Pontificis
1243 2725 1463 2775 nonnisi
1523 2739 1554 2774 a
1609 2725 1658 2774 S.
1726 2723 1780 2774 R.
1824 2725 1877 2774 E.
1922 2720 2294 2773 cardinalibus

404 2826 515 2862 esse
553 2811 859 2861 faciendam
882 2852 894 2871 ‚
942 2809 1151 2860 exclusa
1189 2826 1408 2876 prorsus
1452 2825 1795 2876 quacumque
1833 2813 2161 2860 memoratae
2199 2806 2294 2871 Sy-

402 2897 530 2946 nodi
571 2897 1017 2961 participatione:
1072 2903 1231 2961 atque
1269 2897 1494 2962 insuper
1530 2897 1595 2946 de
1634 2897 1720 2947 his
1758 2895 1946 2947 hahita
1983 2909 2107 2944 cum
2156 2907 2296 2943 non-

404 2980 567 3031 nullis
605 2981 1018 3038 Venerabilibus
1057 2982 1329 3032 Fratribus
1367 2982 1573 3032 Nostris
1612 2982 1856 3033 eiusdem
1895 2980 1944 3031 S.
1989 2982 2044 3031 R.
2090 2981 2142 3029 E.
2176 2979 2296 3029 Car-

465 3219 526 3281 (1)
562 3219 826 3279 Clement„
847 3220 894 3278 2,
918 3220 978 3266 de
1008 3219 1280 3266 Electione.

468 3294 528 3355 (2)
563 3294 774 3341 constit.
810 3294 951 3341 Decet
982 3295 1251 3341 Romanum
1279 3294 1576 3355 Pontificem.

467 3368 528 3428 (3)
562 3367 775 3414 Constit.
809 3367 887 3415 Ad
909 3368 1114 3414 Romani
1142 3367 1412 3427 Pontiflois,
1447 3370 1490 3414 V
1519 3369 1620 3414 kal.
1652 3366 1891 3415 februarii
1924 3369 2056 3417 1628,

465 3442 527 3501 (4)
561 3442 773 3488 constit.
805 3440 1137 3499 Apostolatus‚
1170 3442 1238 3486 IV
1271 3454 1433 3488 nonas
1464 3442 1681 3489 octobris
1713 3443 1844 3490 1732.

468 3515 528 3577 (5)
562 3516 840 3574 ΒΑΥΝΑΒΒ,
874 3514 1052 3562 Annal.
1086 3515 1270 3562 Eccles.
1304 3515 1370 3563 ad
1400 3529 1597 3563 annum
1629 3515 1761 3576 1513,
1794 3517 1852 3564 Ν.
1889 3517 1998 3562 VII.
