2488 4290
2037 347 2126 394 343

212 465 400 507 rarum
438 449 594 506 Orbis
635 452 885 519 regiones
924 451 1181 520 dispersi,
1227 452 1325 520 qui
1363 440 1534 506 libere
1576 440 1645 504 ad
1682 440 1753 506 Te
1793 454 2013 516 venire,
2059 453 2124 504 li-

214 537 448 605 bereque
488 538 856 593 conscientiae
912 554 1043 592 suae
1099 537 1385 592 consulere
1442 538 1711 605 gestiunt;
1776 538 1833 589 id
1886 539 2124 605 denique

213 625 329 694 ipsa
365 625 545 679 civilis
583 626 828 695 deposcit
865 627 1108 691 societas,
1154 641 1295 694 quae
1335 641 1398 677 ex
1434 626 1540 677 Tui
1579 625 1865 691 regiminis
1904 625 2127 677 subver-

213 713 371 765 sione
408 727 511 765 sua
547 712 667 780 ipsa
705 719 902 766 nutare
941 714 1110 766 sentit
1147 713 1531 766 fundamenta.

283 796 388 850 Sed
424 798 558 864 quid
596 795 798 866 plura?
851 798 932 851 Tu
988 799 1209 852 tandem
1247 798 1541 866 aliquando
1581 797 1838 853 scelestos
1877 800 2127 853 homines

215 889 269 937 et
304 884 578 936 honorum
618 883 1112 938 ecclesiasticorum
1170 885 1470 953 direptores
1526 886 1669 938 iusto
1724 886 1936 938 iudicio
1975 887 2125 938 dam-

215 983 354 1022 nans
392 970 581 1021 omnia
616 985 757 1037 quae
784 977 1140 1039 patraverant
1191 994 1208 1016 «
1247 972 1403 1024 irrita
1449 977 1503 1023 et
1558 971 1716 1024 nulla
1754 995 1771 1017 n
1824 971 2129 1038 proclama·

213 1053 280 1107 sti
316 1052 405 1125 (1);
449 1060 602 1108 actus
640 1071 834 1109 omnes
872 1057 947 1110 ab
995 1058 1067 1109 iis
1127 1059 1428 1112 intentatos
1478 1078 1499 1105 «
1535 1055 1857 1123 illegitimos
1894 1059 2125 1110 omnino

215 1146 270 1192 et
305 1140 636 1208 sacrilegos»
678 1157 795 1195 esse
833 1142 1118 1196 decrevisti
1155 1142 1244 1214 (2;
1290 1145 1542 1211 ipsosque
1583 1142 1779 1197 talium
1816 1145 2124 1198 facinorum

215 1239 337 1278 reos
372 1213 566 1294 poenis
604 1233 659 1279 et
694 1227 938 1280 censuris
977 1227 1360 1282 ecclesiasticis
1398 1229 1659 1283 obnoxios
1695 1231 1814 1284 iure
1841 1245 1902 1284 ac
1928 1231 2125 1283 merito

213 1310 505 1365 declarasti
542 1311 626 1382 (3).

284 1398 392 1451 Hos
432 1403 544 1450 tam
580 1413 770 1465 graves
807 1400 909 1452 Tui
948 1402 1059 1454 oris
1095 1417 1393 1469 sermones„
1438 1407 1615 1456 tamve
1654 1401 1941 1470 praeclara
1977 1400 2127 1471 gesta

215 1489 464 1537 nostrum
502 1489 584 1537 est
618 1491 932 1539 reverenter
971 1489 1251 1556 excipere,
1315 1490 1498 1556 iisque
1554 1489 1787 1557 plenum
1844 1505 2128 1543 assensum

62 1557 66 1609 Ϊ
127 1637 129 1639 p
214 1577 491 1623 renovare.
538 1570 901 1625 Sicuti'enim
939 1587 1136 1640 corpus
1175 1574 1377 1643 capiti,
1435 1576 1524 1628 cui
1562 1576 1818 1640 iungitur
1854 1577 2128 1632 membro-

213 1669 340 1709 rum
381 1657 706 1726 compagine
743 1673 967 1726 unaque
1006 1660 1154 1726 vita,
1203 1661 1264 1712 in
1303 1661 1562 1714 omnihus
1600 1662 1871 1725 condolet,
1915 1663 1992 1714 ita
2030 1679 2130 1714 nos

153 1755 158 1762 ”
216 1741 422 1796 Tecum
477 1743 788 1797 consentire
845 1759 1063 1800 necesse
1122 1752 1215 1800 est.
1261 1747 1380 1800 Tibi
1417 1747 1475 1800 in
1516 1748 1671 1800 omni
1712 1754 1803 1801 tua
1840 1748 1945 1801 hac
1983 1764 2133 1801 acer-

219 2058 311 2112 che
343 2061 591 2114 bramano
622 2062 675 2112 di
706 2075 827 2114 aver
857 2063 1015 2114 libero
1047 2079 1078 2113 a
1108 2066 1202 2115 Voi
1232 2067 1471 2129 l'accesso
1493 2082 1520 2117 e
1540 2069 1700 2118 libera
1724 2071 1774 2118 la
1796 2070 1880 2119 via
1912 2070 1964 2119 di
1984 2085 2131 2132 prov-

221 2137 404 2186 vedere
427 2140 532 2187 alle
561 2140 765 2199 proprie
794 2141 1079 2202 coscienze3
1112 2143 1291 2202 questo
1323 2143 1566 2190 dimanda
1584 2144 1884 2194 finalmente
1903 2147 1953 2192 la
1973 2147 2130 2195 stessa

217 2210 367 2260 civile
397 2212 607 2273 sociem,
636 2214 687 2261 la
716 2215 867 2274 quale
898 2215 980 2274 pel
1001 2216 1405 2264 rovesciamento
1427 2218 1507 2265 del
1528 2218 1709 2266 Vostro
1733 2223 1964 2278 governo
1988 2224 2131 2267 sente

221 2284 314 2333 che
346 2286 739 2336 vacillerebbero
768 2289 816 2335 le
845 2300 936 2336 sue
967 2290 1126 2338 stesse
1156 2290 1504 2338 fondamenta.

276 2359 359 2406 Ma
403 2360 498 2408 che
540 2360 669 2420 piu?
718 2363 811 2409 Voi
859 2363 1013 2411 alfine
1051 2365 1428 2412 condannando
1459 2379 1556 2414 con
1588 2367 1762 2425 giusto
1796 2369 2023 2427 giudizio
2054 2371 2130 2428 gli

59 2496 61 2506 A
209 2433 466 2482 scellerati
510 2436 794 2495 rapinatori
840 2437 921 2484 dei
965 2438 1086 2486 beni
1116 2440 1458 2500 ecclesiastici,
1492 2442 1829 2490 sentenziaste
1877 2444 2071 2491 «irrite
2103 2458 2131 2491 e

217 2507 358 2555 nulle
385 2526 409 2552 ιο
445 2509 581 2558 tutte
610 2511 659 2558 le
689 2522 802 2560 cose
833 2512 899 2559 da
927 2513 1036 2559 loro
1067 2525 1370 2575 commesse3
1409 2513 1644 2563 definiste
1684 2535 1706 2560 «
1737 2518 1912 2565 affatto
1943 2519 2132 2578 illegit-

178 2616 181 2619 »
220 2580 335 2629 timi
364 2594 394 2631 e
422 2584 698 2644 sacrileghi
729 2602 751 2628 »
789 2585 914 2634 tutti
945 2587 1022 2646 gli
1052 2587 1147 2635 atti
1177 2589 1311 2647 Iol-03
1352 2602 1380 2637 e
1411 2589 1626 2638 siccome
1657 2591 1732 2639 rei
1763 2592 1814 2639 di
1843 2593 1936 2639 tali
1968 2593 2133 2641 delitti

217 2655 256 2701 li
287 2655 592 2706 dichiaraste
623 2658 1118 2718 giustissimamente
1137 2661 1324 2709 incorsi
1345 2664 1477 2712 nelle
1507 2676 1638 2723 pene
1669 2678 1696 2712 e
1730 2678 1943 2714 censure
1975 2669 2128 2715 eccle-

218 2729 473 2780 siastiche.
527 2751 534 2754 ’

278 2805 457 2854 Nostro
488 2805 672 2856 dovere
703 2807 731 2856 e
761 2810 1045 2869 accogliere
1074 2811 1504 2862 riverentemente
1543 2815 1710 2874 questi
1742 2815 1844 2862 cosi
1876 2818 2028 2875 gravi
2061 2818 2134 2864 di-

219 2880 374 2928 scorsi
417 2880 552 2928 dalla
595 2882 780 2931 Vestra
822 2883 980 2932 bocca
1007 2897 1036 2933 e
1067 2886 1236 2946 questi
1265 2887 1437 2935 Vostri
1479 2888 1574 2936 atti
1605 2889 1708 2937 cosi
1741 2891 1973 2950 preclari,
2006 2904 2034 2939 e
2068 2893 2131 2939 ad

219 2954 317 3001 essi
344 2955 621 3005 rinnovare
649 2957 687 3003 il
716 2959 891 3006 nostro
920 2958 1074 3018 pieno
1112 2961 1497 3010 assentimentO.
1548 2963 1873 3023 Imperocche
1917 2966 2132 3013 siccome

219 3025 256 3072 il
285 3039 436 3089 corpo
478 3029 536 3076 in
578 3030 716 3078 tutto
760 3031 954 3090 patisce
994 3031 1207 3083 insieme
1238 3036 1316 3083 col
1345 3033 1489 3096 caph,
1523 3037 1572 3083 al
1603 3039 1755 3097 quale
1787 3038 1814 3085 e
1845 3040 2132 3098 congiunto

168 3137 175 3143 .
219 3111 312 3159 per
339 3102 391 3148 la
420 3103 727 3162 compagine
758 3104 887 3152 delle
915 3107 1146 3158 membra
1175 3120 1204 3156 e
1234 3121 1325 3168 per
1354 3111 1405 3156 la
1435 3110 1584 3157 unite
1615 3111 1746 3159 della
1782 3112 1919 3171 vita3
1969 3112 2071 3159 cosi
2103 3125 2130 3158 a

222 3175 307 3221 noi
337 3174 366 3224 e
395 3178 679 3226 necessario
709 3177 803 3226 che
835 3190 930 3226 con
963 3180 1056 3226 Voi
1087 3183 1452 3231 consentiamO.
1489 3185 1562 3231 Ed
1582 3185 1633 3231 in
1659 3185 1798 3233 tutta
1829 3186 2008 3245 questa
2041 3187 2134 3231 Vo-

276 3388 363 3480 ,(1)*
383 3421 634 3470 Allocutio
667 3435 816 3482 xxvl,
850 3425 978 3483 sept.
1016 3424 1150 3486 1859,
1182 3417 1305 3487 pag.
1342 3440 1435 3477 vn,

287 3492 349 3554 (2)
383 3494 634 3559 Allocutio
663 3507 754 3556 xx,
786 3497 897 3544 iun.
934 3497 1067 3559 1859,
1100 3510 1223 3558 pag.
1248 3501 1295 3548 8.

235 3595 238 3597 —
286 3563 348 3626 (3)
382 3565 501 3615 Litt.
535 3567 711 3626 Apost.
744 3580 895 3630 xxv1,
927 3571 1076 3621 mart.
1109 3570 1242 3624 1860.
