2488 4290
378 337 436 385 18

439 444 596 496 Nunc
631 456 759 493 vero
799 446 861 492 ut
897 446 1021 492 vota
1061 441 1252 493 Nostra
1287 438 1638 506 impleantur,
1686 443 1856 505 utque
1909 438 2131 490 Nostrae
2166 451 2259 490 ve-

378 535 624 595 straeque
661 542 820 580 curae
857 529 1052 580 uberes
1107 523 1351 578 iustitiae
1410 525 1617 578 fructus
1663 517 1986 577 Christianis
2043 525 2268 579 afferant
2356 518 2365 524 ’

374 614 610 682 populis,
654 614 721 664 ad
757 613 1149 678 Deum-omnis
1205 612 1450 662 iustitiae
1502 616 1554 661 et
1602 610 1859 660 bonitatis
1904 610 2109 660 fontem
2160 610 2266 661 eri-

375 716 564 766 gamus
603 700 804 765 oculos,
845 700 903 750 in
941 698 1054 759 Quo
1096 699 1274 748 omnis
1310 696 1595 762 plenitudo
1647 694 1925 761 praesidii,
1972 699 2023 745 et
2060 696 2265 760 gratiae

374 788 592 839 ubertas
617 785 955 852 sperantibus
980 782 1238 835 collocata
1264 788 1356 832 est.
1390 782 1521 832 Cum
1555 786 1742 831 autem
1767 780 2094 831 advocatum
2120 781 2266 847 apud

375 873 588 924 Patrem
637 872 937 923 habeamus
984 868 1164 920 Iesum
1215 869 1485 919 Christum
1537 866 1740 917 Filium
1781 866 1910 916 Eius
1947 866 2266 919 Pontificem

377 971 639 1021 magnum
677 957 775 1022 qui
812 954 1115 1021 penetravit
1139 951 1342 1017 CoeIOS,
1374 953 1468 1017 qui
1495 966 1707 1017 semper
1731 951 1916 1002 vivens
1951 951 2268 1018 interpellat

379 1058 476 1109 pro
525 1042 701 1107 nobis,
756 1041 962 1107 quique
1018 1040 1078 1089 in
1133 1037 1445 1089 admirabili
1501 1036 1874 1088 Eucharistiae
1921 1036 2265 1089 Sacramento
2351 1102 2355 1107 ,

378 1128 665 1180 nobiscum
715 1133 790 1177 est
843 1126 1098 1176 omnibus
1154 1123 1346 1174 diebus
1401 1138 1567 1188 usque
1622 1123 1689 1173 ad
1737 1123 2265 1176 consummationem

380 1213 606 1279 saeculi,
648 1213 798 1263 hunc
830 1211 1240 1276 Redemptorem
1279 1208 1736 1274 amantissimum,
1777 1208 2120 1267 Venerabiles
2143 1211 2267 1263 Fra-

382 1304 508 1364 treS,
549 1312 815 1365 ponamus
853 1301 914 1347 ut
952 1295 1295 1360 signaculum
1346 1309 1508 1360 super
1544 1310 1635 1345 cor
1672 1299 1937 1360 nostrum,
1979 1301 2043 1346 ut
2083 1296 2270 1362 signa-

381 1381 565 1434 culum
601 1397 761 1448 super
795 1380 1082 1432 brachium
1132 1384 1403 1444 nostrum,
1446 1384 1609 1444 atque
1661 1379 1730 1430 ad
1767 1380 1940 1431 altare
1983 1379 2128 1431 illud
2167 1381 2265 1434 ubi

382 1470 499 1535 ipse
554 1467 751 1518 Auctor
805 1467 1008 1530 gratiae
1067 1465 1324 1516 thronum
1381 1465 1783 1516 misericordiae
1835 1464 2133 1528 constituit,
2172 1466 2268 1518 ubi

383 1568 573 1604 omnes
596 1554 695 1618 qui
714 1553 961 1610 laborant
981 1556 1033 1602 et
1051 1553 1258 1602 onerati
1279 1555 1420 1614 sunt,
1448 1549 1727 1603 reficiendi
1747 1550 1978 1617 cupidus
2003 1558 2260 1619 expectat,

380 1643 592 1690 nostras
642 1638 856 1690 assidue
904 1653 1090 1703 preces
1139 1637 1290 1688 omni
1340 1653 1462 1688 cum
1514 1635 1718 1688 fiducia
1767 1637 2086 1691 deferamus.
2129 1641 2268 1691 Eum

380 1724 563 1790 itaque
600 1725 714 1775 sine
750 1723 1155 1775 intermissione
1208 1723 1605 1789 humiliterque
1657 1723 2021 1791 obsecremuS,
2076 1730 2140 1775 ut
2173 1727 2270 1777 Ec-

383 1809 604 1861 clesiam
629 1824 784 1860 suam
810 1823 841 1859 a
867 1809 1025 1859 tantis
1053 1808 1459 1860 calamitatibus
1486 1814 1539 1860 et
1564 1811 1715 1861 omni
1743 1809 2064 1871 discrimine
2088 1816 2260 1878 eruat,

383 1895 542 1960 eique
580 1894 781 1945 laetam
825 1894 972 1959 pacis
1020 1895 1215 1959 vicem,
1255 1895 1654 1961 victoriamque
1693 1896 1758 1947 de
1794 1894 2046 1949 hostibus
2083 1895 2266 1962 donet,

380 1985 443 2031 ut
477 1979 640 2031 Nobis
675 1995 736 2031 ac
769 1980 921 2032 vobis
948 1995 1113 2031 novas
1152 1994 1323 2046 usque
1359 1981 1503 2032 vires
1541 1981 1610 2032 ad
1636 1981 1723 2033 sui
1749 1982 1998 2035 Nominis
2035 1981 2266 2047 gloriam

381 2065 787 2133 provehendam
813 2066 992 2129 addat,
1025 2070 1089 2117 ut
1112 2063 1209 2117 illo
1237 2066 1366 2130 igne
1391 2082 1559 2132 quem
1590 2069 1742 2120 venit
1766 2068 1984 2121 mittere
2009 2069 2071 2120 in
2097 2072 2268 2120 terras

440 2319 539 2367 Ora
566 2319 666 2379 poi,
699 2318 914 2368 affinche
943 2320 960 2365 1
991 2319 1156 2366 Nostri
1190 2320 1421 2368 desiderii
1456 2321 1500 2367 si
1531 2322 1824 2383 compiano‚
1859 2323 1923 2370 ed
1963 2323 2182 2374 afflnche
2222 2329 2269 2376 le

382 2393 558 2442 Nostre
587 2391 615 2440 e
646 2394 812 2441 vostre
845 2406 965 2441 cure
997 2394 1263 2441 arrechino
1285 2395 1332 2440 ai
1354 2396 1520 2454 popoli
1542 2396 1769 2443 cristiani
1789 2396 1939 2444 frutti
1959 2397 2272 2448 abbondanti

382 2468 432 2514 di
463 2466 716 2526 giustizia‚
749 2467 1034 2514 solleviamo
1067 2467 1142 2525 gli
1174 2467 1315 2514 occhi
1347 2481 1378 2513 a
1408 2468 1519 2527 Dio,
1550 2468 1689 2516 fonte
1719 2469 1769 2516 di
1801 2470 1926 2529 ogni
1964 2471 2204 2529 giustizia
2242 2485 2271 2520 e

382 2539 556 2600 bonta,
589 2542 673 2588 nel
705 2541 852 2599 quale
882 2539 909 2586 e
942 2540 1130 2598 riposta
1159 2553 1248 2599 per
1280 2541 1433 2600 quelli
1466 2542 1558 2588 che
1578 2554 1790 2600 sperano
1810 2543 1948 2590 tutta
1966 2545 2016 2590 la
2034 2545 2271 2603 pienezza

390 2615 468 2661 del
496 2613 711 2672 presidio
743 2626 770 2660 e
799 2613 1166 2660 l’abbondanza
1197 2615 1326 2661 della
1357 2616 1547 2674 grazia.
1581 2616 1654 2662 Ed
1685 2617 1880 2664 avendo
1910 2618 1996 2665 noi
2026 2619 2271 2668 avvocato

385 2699 553 2746 presso
585 2687 663 2734 del
695 2686 851 2733 Padre
880 2686 1017 2733 Gesu
1046 2686 1209 2734 Oristo
1240 2700 1331 2735 suo
1360 2688 1554 2749 Figli0‚
1587 2689 1623 2735 11
1655 2690 1908 2739 Pontefice
1950 2693 2147 2751 grande
2178 2694 2271 2741 che

381 2759 590 2821 penetro
617 2760 636 2805 i
666 2759 792 2819 cieli,
825 2760 916 2807 che
945 2772 1138 2819 sempre
1168 2762 1286 2808 vivo
1315 2762 1568 2811 intercede
1600 2777 1688 2822 per
1718 2765 1820 2824 noi,
1853 2778 1881 2813 e
1912 2765 2005 2814 che
2046 2767 2271 2814 nell’am-

385 2835 613 2882 mirabile
643 2833 965 2881 Sacramento
1001 2835 1398 2883 dell'Eucaristia
1428 2837 1507 2884 sta
1537 2851 1631 2885 con
1663 2839 1749 2885 noi
1779 2838 1903 2886 tutti
1934 2840 2146 2900 igiorni
2166 2841 2271 2889 flno

385 2909 484 2954 alla
512 2908 894 2955 consumazione
925 2908 1002 2954 dei
1035 2909 1198 2967 secoli,
1218 2910 1394 2969 questo
1415 2912 1695 2960 Redentore
1727 2913 2092 2975 amantissimo,
2111 2916 2270 2964 Vene-

383 2982 529 3030 rabili
574 2981 775 3027 Fratelli
796 3016 808 3038 ‚
842 2981 1075 3039 poniamo
1122 2985 1241 3042 qual
1287 2996 1447 3043 segno
1496 2998 1643 3044 sopra
1680 2987 1717 3033 11
1748 2987 1921 3035 nostro
1952 3001 2118 3050 cuore,
2151 2992 2267 3051 qual

326 3088 335 3109 t
386 3068 547 3114 segno
591 3067 738 3112 sopra
782 3055 819 3100 il
864 3055 1034 3101 nostro
1079 3057 1278 3105 braccio
1299 3092 1311 3116 ‚
1348 3071 1375 3105 e
1406 3060 1655 3117 portiamo
1702 3073 1816 3108 0011Β
1834 3061 1971 3109 tutta
1998 3063 2186 3112 fiducia·
2224 3066 2272 3114 le

383 3129 553 3176 nostre
579 3129 716 3187 preci
746 3128 1115 3177 assiduamente
1135 3143 1176 3176 ·a
1209 3133 1525 3190 quell’altare
1546 3169 1559 3193 ,
1593 3135 1720 3182 dove
1765 3136 1868 3193 egli
1915 3136 2113 3194 aspetta
2141 3138 2268 3186 tutti

386 3202 540 3263 quelli
569 3201 661 3248 che
690 3213 811 3248 sono
841 3202 895 3247 in
928 3203 1182 3261 travaglio
1213 3205 1275 3250 ed
1305 3207 1614 3264 aggravati,
1649 3208 1878 3255 bramoso
1918 3209 1970 3255 di
2009 3210 2266 3261 ristorarli.

383 3275 734 3334 Preghiamolo
780 3275 1018 3335 adunque
1064 3289 1218 3323 senza
1264 3278 1635 3328 intermissione
1681 3282 1742 3328 ed
1790 3282 2090 3332 umilmente
2109 3319 2122 3344 ,
2176 3287 2270 3335 che

318 3344 325 3350 '
386 3348 581 3406 tragga
609 3348 660 3393 la
690 3358 783 3393 sua
812 3346 990 3394 Chiesa
1020 3349 1084 3395 da
1114 3349 1259 3397 tante
1291 3352 1525 3399 calamita
1553 3366 1581 3400 e
1612 3353 1677 3400 da
1706 3355 1832 3412 ogni
1874 3356 2090 3413 pericolo
2110 3392 2124 3417 ,
2156 3371 2184 3406 e
2222 3362 2270 3408 le

386 3422 505 3468 doni
533 3421 570 3467 il
598 3420 716 3468 lieto
748 3420 939 3467 ritorno
972 3422 1101 3469 della
1131 3435 1252 3481 pace
1286 3437 1314 3471 e
1343 3426 1394 3471 la
1427 3426 1633 3473 vittoria
1664 3427 1743 3474 dei
1773 3429 1982 3489 nemici3
2015 3430 2108 3477 che
2127 3444 2160 3478 a
2178 3434 2271 3480 Νο1

388 3495 450 3542 ed
479 3507 511 3541 a
539 3495 630 3542 voi·
652 3495 928 3554 aggiunga
959 3507 1153 3554 sempre
1184 3510 1352 3546 nuove
1381 3499 1511 3547 forze
1533 3512 1564 3546 a
1582 3513 1911 3559 promuovere
1932 3504 1983 3550 la
2001 3505 2166 3563 gloria
2189 3507 2268 3554 del

390 3580 481 3624 suo
510 3581 686 3637 nome3
718 3568 810 3617 che
837 3568 1054 3618 incende
1082 3571 1157 3641 gli
1188 3571 1344 3626 animi
1375 3573 1511 3632 degli
1541 3575 1736 3632 uomini
1766 3576 1817 3623 di
1848 3578 1964 3638 quel
1997 3578 2144 3627 fuoco
2165 3580 2260 3640 che
