2488 4290
1160 552 1477 640 XVIII.

381 836 790 901 DECRETO
847 834 1013 899 della
1051 838 1240 912 Sacra
1284 839 1788 923 Congregazione
1848 839 1949 903 dei
1994 838 2115 904 Riti
2160 841 2259 906 sul

464 949 831 1014 Calendario
889 949 991 1013 dei
1044 950 1303 1014 Vescovi
1355 971 1388 1014 e
1444 951 1585 1014 loro
1642 953 1988 1017 consultori
2034 975 2068 1018 e
2114 976 2258 1044 cap·

462 1063 695 1150 pellani
743 1062 1008 1128 durante
1056 1064 1101 1127 il
1147 1065 1447 1130 Concilio,

1016 1286 1642 1314 ————-———-z—-

444 1510 515 1562 La
567 1509 723 1561 Sacra
777 1509 1209 1575 Congregazione
1271 1511 1514 1576 de'Riti,
1578 1528 1679 1564 con
1735 1529 1835 1565 suo
1894 1515 2109 1567 decreto
2169 1516 2259 1567 dei

379 1596 442 1646 19
481 1604 681 1660 agosto,
726 1597 798 1647 ha
836 1611 1086 1668 concesso
1123 1597 1322 1649 facolta
1359 1599 1412 1649 ai
1449 1597 1674 1651 Vescovi
1712 1599 1766 1649 di
1804 1601 1907 1651 rito
1945 1599 2115 1653 latino
2143 1617 2171 1653 e
2205 1602 2260 1654 ai

376 1680 490 1732 loro
530 1681 831 1733 Consultori
870 1697 896 1734 e
935 1682 1247 1755 Cappellani
1288 1684 1387 1735 che
1423 1699 1687 1735 verranno
1727 1701 1757 1735 a
1795 1686 1965 1736 Roma
2001 1686 2092 1752 pel
2128 1684 2260 1738 Con-

378 1766 505 1817 cilio
546 1768 879 1829 ecumenico,
925 1768 983 1819 di
1022 1770 1377 1821 conformarsi
1413 1770 1470 1820 in
1510 1770 1588 1820 tal
1625 1777 1804 1836 tempo
1842 1771 1894 1821 al
1921 1771 2249 1835 calendari0‚

344 1864 348 1868 ·
378 1866 406 1901 e
444 1852 497 1903 al
533 1854 738 1919 Proprie
775 1852 859 1904 del
893 1854 998 1904 rito
1034 1869 1277 1906 romano,
1336 1875 1357 1903 «
1395 1855 1480 1907 SS.
1525 1855 1582 1906 D.
1624 1856 1681 1907 N.
1724 1856 1851 1907 Pius
1887 1857 2027 1924 Papa
2062 1857 2143 1920 IX,
2188 1858 2256 1909 ad

377 1939 558 1989 enixas
594 1954 775 2005 preces
814 1939 959 1989 R.mi
995 1940 1052 1991 D.
1097 1939 1311 2007 Iosephi
1347 1940 1571 2007 Fessler‚
1612 1943 1855 2009 Episcopi
1891 1942 1940 1994 S.
1979 1941 2256 2009 Hippolyti

375 2038 438 2073 ac
472 2024 702 2090 proximi
741 2023 965 2092 Concilii
1004 2027 1340 2078 oecumenici
1377 2026 1622 2079 Vaticani
1658 2043 1690 2078 a
1727 2027 1981 2090 SecretiS,
2043 2027 2107 2078 ab
2167 2029 2255 2078 in-

374 2108 652 2176 frascripto
690 2110 984 2162 substituto
1023 2113 1315 2163 secretario
1379 2113 1464 2164 SS.
1529 2114 1752 2165 Rituum
1815 2113 2253 2177 Congregationis

375 2194 589 2261 relata'S,
632 2196 696 2247 de
734 2195 952 2262 speciali
994 2199 1170 2260 gratia
1206 2184 1439 2262 benigne
1477 2201 1685 2263 annuit,
1730 2205 1791 2250 ut
1827 2199 2114 2250 Sacrorum
2150 2200 2254 2250 An-

376 2281 569 2332 tistites
606 2282 749 2332 ritus
786 2281 960 2344 latini,
1007 2283 1102 2348 qui
1144 2284 1373 2336 Romam
1411 2286 1628 2337 venient
1664 2286 1732 2336 ad
1756 2284 2096 2350 praedictum
2121 2285 2253 2335 Con-

375 2364 580 2432 cilium,
623 2382 814 2418 eorum
840 2369 900 2417 in
929 2367 1066 2420 Urbe
1089 2371 1516 2421 commoratione
1544 2370 1794 2436 durante,
1836 2371 1893 2420 in
1930 2371 2250 2423 sacrosancti

371 2451 553 2503 Missae
593 2451 854 2504 Sacrificii
893 2452 1252 2506 celebratione
1316 2461 1368 2507 et
1427 2448 1492 2505 in'
1546 2456 1811 2507 Horarum
1869 2456 2252 2524 canonicarum

370 2538 683 2588 recitatione
720 2554 816 2604 pro
855 2553 1047 2589 eorum
1086 2539 1268 2590 lubitu
1305 2540 1646 2592 conformare
1701 2557 1756 2592 se
1809 2539 2023 2592 valeant
2059 2540 2253 2591 Kalen-

372 2622 522 2673 dario
562 2629 614 2673 et
647 2623 867 2689 Proprio
907 2623 1044 2675 Cleri
1081 2625 1256 2690 ipsius
1311 2626 1492 2679 Urbis:
1555 2642 1662 2691 quo
1699 2626 1924 2691 quidem
1961 2625 2249 2691 privilegio

370 2706 635 2773 indulsit,
702 2714 762 2759 ut
816 2710 927 2760 frui
965 2712 1176 2775 possint
1213 2711 1519 2763 Sacerdotes
1556 2712 1869 2763 eorumdem
1905 2712 2117 2763 servitio
2155 2712 2252 2762 ad-

370 2792 500 2843 dicti
559 2793 643 2844 vel
705 2800 980 2860 tamquam
1042 2796 1383 2848 consultores
1443 2797 1531 2850 vel
1595 2803 1870 2863 tamquam
1920 2796 2243 2864 Cappellani.
2290 2832 2298 2842 «,

370 2877 659 2931 Contrariis
686 2896 795 2931 non
824 2881 1165 2934 obstantibus
1178 2883 1623 2949 quibuscumque.
1656 2883 1748 2935 Die
1769 2883 1833 2934 19
1860 2880 2240 2948 augusti1869.

685 3048 702 3069 «
729 3025 775 3076 C.
820 3027 910 3092 Ep.
953 3026 1262 3079 portuensis
1300 3035 1352 3079 et
1388 3028 1436 3079 S.
1478 3027 1719 3092 Rufinae‚
1764 3028 2168 3090 Card.PA¹rn121,
2212 3066 2215 3068 ψ

809 3111 858 3162 S.
902 3112 943 3162 R
985 3112 1034 3162 C.
1076 3113 1246 3164 Praef.

683 3232 701 3255 ι(
726 3210 825 3261 Pro
853 3211 911 3261 R.
943 3211 996 3263 P.
1029 3211 1085 3262 D.
1118 3200 1361 3265 Bartolini
1384 3216 1668 3267 secretario
1695 3217 1921 3283 Iosephus
1949 3219 2178 3286 Cic-colini

810 3295 1026 3348 Substit.
1053 3319 1071 3342 »
1774 3310 1781 3320 '
