2488 4290
361 310 447 357 184

357 414 604 473 magistro
636 415 1067 462 caeremoniarum
1110 416 1160 462 et
1204 415 1441 474 praelatis
1485 413 1777 462 custodibus
1820 415 2072 462 conclavis
2114 415 2263 463 iuxta

358 489 562 536 solitum
593 490 941 548 assignentur.

417 563 609 610 Deinde
655 563 878 611 accensis
923 564 1193 623 fanalibUS,
1241 564 1345 611 tres
1391 563 1673 610 cardinales
1715 563 1882 621 capita
1930 563 2166 610 ordinum
2209 564 2261 611 et

360 637 667 684 camerarius
696 651 803 683 una
834 651 950 684 cum
983 639 1231 696 magistro
1263 637 1697 685 caeremoniarum
1727 637 1946 684 latebras
1966 637 2016 684 et
2037 638 2259 696 angulos

361 723 538 759 omnes
569 712 824 759 conclavis
855 712 1130 770 diligenter
1161 711 1482 771 perquirunt,
1515 723 1581 757 ne
1612 711 1728 771 quis
1758 724 1823 758 ex
1853 711 1933 770 iis,
1967 711 2056 771 qui
2077 723 2183 759 esse
2203 710 2278 757 in-

361 786 589 832 conclavi
619 786 970 844 prohibentur,
1018 786 1159 832 intus
1206 785 1523 832 remanserit.
1568 786 1629 830 In
1668 787 1906 833 conclavi.
1939 785 2111 832 autem
2151 797 2259 832 esse

360 863 573 918 possunt
602 860 875 906 familiares
906 859 1260 918 cardinalium,
1310 859 1360 906 et
1401 859 1486 905 alii
1528 859 1765 907 officiales
1802 859 1852 906 et
1892 859 2112 906 ministri
2143 871 2270 907 con-·

361 933 532 992 claviS,
567 933 655 992 qui
685 933 740 978 in
772 932 1134 979 constitutione
1166 933 1240 977 Pii
1274 933 1341 977 IV
1371 931 1699 979 recensentur
1716 967 1730 991 ‚
1771 931 1956 991 quibus
1997 932 2258 978 adduntur

361 1009 460 1053 duo
492 1008 593 1066 alii,
629 1020 764 1053 unus
795 1007 1016 1052 famulus
1048 1018 1138 1064 pro
1169 1006 1432 1064 magistris
1463 1006 1913 1065 caeremoniarum,
1937 1006 1988 1052 et
2018 1006 2148 1052 alius
2168 1018 2258 1064 pro

361 1083 626 1129 secretario
657 1082 784 1128 sacri
817 1082 1046 1140 collegii,
1079 1081 1176 1127 hac
1206 1081 1378 1127 tamen
1411 1080 1701 1128 conditione
1722 1081 1935 1139 adiecta,
1957 1079 2017 1126 ut
2035 1080 2258 1127 famulus

361 1157 724 1215 magistrorum
757 1156 1190 1202 caeremoniarum
1223 1156 1342 1202 actu
1374 1155 1466 1201 uni
1496 1168 1562 1202 ex
1583 1155 1681 1200 illis
1700 1155 1962 1212 inserviat,
1986 1154 2037 1200 et
2056 1167 2144 1213 per
2166 1166 2256 1201 sex

360 1242 558 1277 menses
589 1230 707 1276 ante
737 1230 892 1276 fuerit
922 1230 1031 1276 eius
1069 1230 1346 1277 continuus
1386 1224 1754 1288 commensaliS,
1789 1242 1918 1288 quae
1951 1229 2171 1275 conditio
2202 1227 2256 1273 in

354 1306 544 1350 famulo
575 1303 829 1350 secretarii
859 1303 1089 1351 similiter
1122 1304 1386 1364 exigitur:
1422 1304 1652 1350 omnium
1684 1304 1856 1350 autem
1885 1303 2100 1351 istorum
2141 1315 2258 1350 con-

359 1378 684 1425 clavistarum
715 1378 828 1437 post
857 1379 1131 1436 prandium
1164 1379 1261 1425 diei
1293 1379 1552 1438 sequentis
1583 1378 1642 1424 fit
1672 1377 1956 1435 recognitio
1978 1411 1991 1436 ,
2036 1390 2102 1424 ne
2142 1376 2257 1437 quis

357 1455 490 1499 inter
522 1453 632 1499 illos
663 1453 788 1500 forte
819 1454 949 1501 esset
979 1467 1044 1500 ex
1075 1453 1154 1513 iis,
1179 1454 1268 1513 qui
1289 1453 1345 1499 in
1367 1447 1725 1500 conclavi‘esse
1746 1465 1849 1499 non
1871 1450 2102 1510 possunt,
2129 1463 2259 1510 quae

359 1528 641 1585 recognitio
688 1528 747 1573 ut
793 1528 981 1575 certius
1022 1528 1129 1587 fiat,
1173 1527 1415 1575 iubentur
1463 1526 1799 1575 conclavistae
1845 1538 2020 1573 omnes
2066 1525 2258 1572 intrare

359 1604 654 1661 cappellam,
687 1602 737 1648 et
768 1603 941 1660 postea
972 1602 1277 1661 singillatim
1309 1604 1654 1650 recensentur.

418 1676 598 1722 Clauso
629 1677 874 1735 conclavi,
907 1678 1096 1724 servari
1117 1678 1303 1724 debent
1334 1678 1521 1736 omnia,
1546 1690 1677 1737 quae
1699 1678 1759 1724 de
1780 1677 2057 1736 colloquiiS,
2074 1674 2258 1723 litteris

359 1752 410 1798 et
439 1751 580 1809 cibis,
598 1751 649 1797 et
665 1764 794 1811 quae
812 1753 872 1798 de
888 1765 992 1797 non
1009 1752 1420 1810 ingredientibus
1440 1752 1798 1811 cardinalibuS,
1823 1750 1914 1797 aut
1941 1751 2136 1808 iisdem,
2169 1750 2260 1797 aut

355 1839 530 1872 eorum
558 1826 920 1884 familiaribUS,
954 1827 1221 1886 postquam
1250 1827 1472 1885 ingressi
1503 1826 1642 1885 sunt,
1676 1825 2002 1884 exeuntibus,
2037 1825 2092 1869 in
2126 1824 2255 1870 Con-

356 1899 619 1946 stitutione
650 1900 723 1944 Pii
754 1901 822 1945 IV
853 1900 1050 1947 sancita
1079 1900 1217 1946 sunt.
1253 1901 1395 1957 Quod
1426 1913 1545 1947 vero
1566 1900 1752 1946 attinet
1773 1900 1839 1946 ad
1859 1899 2040 1959 vesteS,
2057 1911 2162 1946 non
2183 1910 2257 1944 so-

356 1975 463 2019 lum
482 1986 599 2020 cum
621 1975 685 2020 ad
705 1974 1000 2021 electionem
1018 1975 1299 2022 cardinales
1314 1975 1611 2034 procedunt,
1629 1974 1816 2021 croceis
1836 1973 1914 2020 uti
1930 1973 2131 2031 debent,
2150 1972 2255 2031 sed,

356 2049 505 2094 iuxta
538 2048 684 2094 vetus
715 2049 1102 2095 coeremoniales
1138 2062 1255 2095 cum
1288 2049 1481 2109 aliquid
1511 2048 1840 2107 collegialiter
1871 2048 2132 2106 agendum
2163 2046 2254 2093 est.

418 2123 568 2168 Porro
600 2122 840 2181 capitula,
875 2135 1006 2182 quae
1037 2123 1157 2168 ante
1190 2123 1487 2170 electionem
1517 2123 1627 2169 fieri
1659 2122 1823 2169 solent
1845 2135 1874 2167 a
1897 2121 2119 2180 singulis
2150 2133 2256 2167 car-

357 2196 611 2242 dinalibus
657 2197 1037 2256 subscribenda,
1091 2198 1245 2244 etiam
1293 2197 1357 2243 ad
1402 2198 1627 2244 favorem
1673 2196 2099 2243 conclavistarum
2147 2195 2258 2243 fieri

356 2271 614 2328 poterunt,
649 2271 728 2316 vel
760 2271 880 2316 ante
911 2271 1203 2329 ingressum
1234 2271 1506 2330 conclaviS,
1540 2271 1620 2318 vel
1642 2272 1755 2329 post
1775 2270 2089 2330 ingressum,
2115 2270 2259 2317 dum-

356 2345 504 2390 modo
534 2358 622 2402 per
654 2357 713 2391 ea
743 2358 846 2390 non
878 2345 1178 2404 retardetur,
1213 2346 1305 2392 aut
1337 2345 1598 2407 differatur
1636 2345 1902 2408 ingressus
1942 2345 2023 2391 vel
2063 2343 2253 2391 electi0.

355 2418 605 2474 Quoniam
650 2418 839 2476 autem,
886 2418 1036 2464 iuxta
1082 2419 1515 2466 Constitutionem
1563 2419 1637 2464 Pii
1682 2419 1767 2474 IV,
1817 2419 2117 2476 cardinales,
2169 2418 2257 2477 qui

357 2492 533 2539 saltem
565 2492 619 2537 in
651 2492 828 2539 ordine
876 2493 1175 2540 diaconatus
1217 2493 1481 2539 constituti
1529 2505 1633 2539 non
1677 2493 1815 2548 sunt,
1854 2492 1918 2537 ad
1961 2491 2257 2538 electionem

356 2566 570 2612 Romani
604 2567 863 2613 Pontificis
894 2579 998 2612 non
1031 2566 1393 2624 admittuntur,
1426 2566 1802 2625 inspiciendum
1833 2566 1944 2624 erit,
1980 2566 2257 2627 antequam

357 2641 422 2686 ad
453 2640 712 2686 electionis
744 2641 1020 2699 negocium
1051 2640 1370 2698 procedatur,
1397 2653 1463 2685 an
1487 2640 1645 2699 aliqui
1666 2653 1730 2687 ex
1753 2640 2098 2687 cardinalibus
2116 2653 2256 2699 prae-

359 2715 587 2760 sentibus
618 2715 793 2761 ordine
823 2716 1081 2773 praedicto
1126 2716 1349 2773 careant,
1393 2727 1530 2774 nam,
1573 2715 1615 2760 si
1660 2714 1894 2774 careant,
1938 2728 1969 2760 a
2010 2714 2256 2773 suffragio

357 2789 561 2835 ferendo
593 2789 899 2835 excludendi
932 2790 1101 2848 erunt,
1144 2790 1242 2836 nisi
1281 2790 1551 2848 privilegio
1597 2790 1856 2848 pontificio
1905 2789 2091 2835 muniti
2133 2789 2252 2836 sint.

357 2863 430 2908 De
460 2863 707 2908 cardinali
739 2865 927 2921 autem,
962 2865 1044 2910 cui
1077 2864 1196 2911 ante
1228 2864 1441 2911 mortem
1472 2864 1732 2911 Pontificis
1764 2876 1818 2910 os
1859 2864 1961 2911 fuit
2008 2865 2254 2923 clausum,

355 2937 627 2997 aliquando
659 2939 949 2984 dubitatum
980 2940 1071 2997 est,
1097 2952 1275 2986 verum
1297 2952 1328 2984 a
1351 2939 1435 2984 Pio
1470 2941 1510 2983 V
1544 2939 1644 2985 fuit
1664 2939 1789 2986 haec
1811 2938 2060 2986 dubitatio
2093 2939 2257 2998 sopita

353 3025 443 3070 per
474 3013 582 3058 eius
613 3013 871 3059 decretum
902 3013 1094 3060 editum
1126 3027 1256 3061 xxVi
1300 3014 1519 3059 ianuarii
1563 3027 1786 3072 MDLXXI,
1831 3027 1931 3073 quo
1979 3014 2254 3061 declaravit

353 3086 645 3132 huiusmodi
673 3086 773 3131 oris
798 3087 1084 3133 clausuram
1115 3087 1484 3134 caeremoniam
1504 3087 1776 3146 quamdam
1798 3099 1903 3132 esse
1941 3099 2000 3132 ea
2021 3087 2082 3133 de
2102 3100 2255 3134 causa

357 3158 720 3217 introductam,
754 3159 813 3204 ut
843 3159 1141 3217 cardinales,
1192 3160 1465 3219 antequam
1505 3160 1560 3206 in
1606 3159 1914 3207 consistoriis
1952 3160 2003 3206 et
2045 3172 2255 3221 congre-

359 3232 658 3291 gationibus
688 3232 996 3290 suffragium
1027 3233 1209 3291 ferant,
1244 3234 1305 3280 de
1337 3234 1597 3294 modestia,
1641 3247 1771 3294 quae
1815 3234 1878 3280 ab
1921 3233 2042 3292 ipsis
2084 3234 2139 3279 in
2159 3233 2255 3279 -his

361 3307 411 3352 et
443 3305 554 3351 aliis
584 3305 782 3352 actibus
823 3307 1051 3353 adhiberi
1094 3307 1258 3365 debet,
1306 3308 1674 3366 quodammodo
1720 3308 2106 3367 admoneantur,
2150 3321 2255 3355 non

359 3380 531 3427 autem
561 3379 814 3438 pertinere
844 3381 908 3426 ad
930 3381 1252 3440 praecipuam
1274 3382 1611 3429 cardinalium
1632 3381 1944 3440 facultatem,
1969 3395 2098 3441 quae
2121 3382 2255 3429 circa

358 3454 544 3500 summi
574 3454 830 3500 Pontificis
860 3454 1155 3501 electionem
1176 3456 1424 3515 versatur,
1449 3468 1579 3520 quae
1601 3455 1870 3506 declaratio
1892 3455 1967 3501 Pii
1991 3457 2034 3500 V
2055 3467 2253 3519 semper

358 3528 621 3592 hucusque
652 3527 916 3574 observata
936 3527 1051 3577 fuit,
