2488 4290
2061 387 2121 437 63

225 499 377 555 omni
413 497 592 553 studio
630 501 935 550 constanter
971 493 1276 558 defendere,
1341 498 1502 560 atque
1558 493 1728 545 huius
1781 494 2119 560 Apostolicae

225 587 389 650 Sedis,
435 591 490 638 et
523 583 795 649 iustitiae,
854 580 1199 647 veritatisque
1258 580 1381 631 iura
1417 594 1794 647 propugnare,
1842 587 1895 632 et
1930 580 2121 631 inimi-

224 687 414 725 corum
469 669 766 722 hominum
821 666 1044 720 insidias
1082 666 1332 732 detegere
1371 679 1614 730 errores,
1671 663 1937 731 falsasque
1991 665 2119 717 doc·-

225 759 392 812 trinas
430 757 708 820 damnare,
751 753 819 806 ed
856 752 1149 822 impietatis
1185 757 1354 804 sectas
1391 751 1726 819 proscribere
1766 764 1829 804 ac
1879 751 2120 803 universi

221 843 491 898 Dominici
529 842 708 908 gregis
743 839 906 893 saluti
944 839 1242 906 advigilare
1280 844 1334 892 et
1371 837 1669 891 consulere.

291 930 491 984 Verum
511 927 817 980 illustribus
836 927 1315 995 praedecessorum
1334 921 1652 979 Nostrorum
1672 925 1908 990 vestigiis
1930 924 2120 976 inhae-

221 1022 416 1080 renteS,
463 1020 834 1083 opportunum
870 1019 1160 1082 propterea
1199 1029 1311 1066 esse
1350 1012 1797 1075 existimavimus,
1859 1011 1919 1063 in
1956 1025 2120 1075 gene-

221 1103 335 1157 rale
375 1102 682 1154 Concilium
704 1141 720 1166 ,
774 1099 920 1167 quod
957 1099 1169 1151 iamdiu
1205 1099 1405 1166 Nostris
1445 1105 1561 1151 erat
1597 1099 1655 1149 in
1693 1098 1867 1162 votiS‚
1932 1112 2122 1163 cogere

222 1205 411 1243 omnes
447 1186 798 1241 venerabiles
854 1187 1063 1239 Fratres
1106 1186 1270 1237 totius
1327 1183 1583 1237 catholici
1647 1185 1788 1238 orbis
1842 1200 2121 1237 sacrorum

221 1272 521 1337 antistiteS,
582 1274 681 1339 qui
719 1273 776 1324 in
815 1269 1206 1341 sollicitudinis
1243 1271 1462 1324 Nostrae
1502 1277 1710 1339 partem
1753 1272 1932 1323 vocati
1971 1277 2114 1322 sunt.

175 1377 177 1380 ⁴
221 1362 321 1423 Qui
358 1359 582 1426 quidem
619 1356 964 1411 venerabiles
1001 1357 1208 1409 Fratres
1244 1356 1515 1423 singulari
1553 1358 1612 1408 in
1653 1355 1978 1409 catholicam
2031 1360 2121 1408 Ec-

217 1446 437 1499 clesiam
475 1459 661 1496 amore
697 1444 926 1506 incensi,
974 1444 1278 1510 eximiaque
1317 1459 1439 1510 erga
1475 1444 1613 1508 Nos,
1664 1443 1728 1495 ed
1766 1442 2119 1509 apostolicam

220 1533 363 1584 hanc
399 1531 595 1583 Sedem
632 1530 831 1597 pietate
871 1538 924 1582 et
962 1530 1303 1583 observant-ia
1329 1532 1567 1598 spectati,
1601 1546 1663 1582 ac
1703 1530 1769 1582 de
1806 1532 2120 1582 animarum

219 1615 391 1669 salute
429 1618 605 1680 anxii,
674 1622 728 1669 et
763 1617 1059 1684 sapientia,
1106 1616 1367 1680 doctrina,
1416 1617 1723 1670 eruditione
1761 1622 2112 1683 praestanteS,

218 1710 272 1755 et
307 1718 415 1754 una
451 1703 743 1756 Nobiscum
782 1703 1150 1756 tristissimam
1191 1705 1272 1756 rei
1309 1719 1437 1756 cum
1474 1719 1651 1756 sacrae
1712 1710 1829 1756 tum
1867 1703 2120 1772 publicae

219 1790 595 1843 conditionem
631 1791 862 1843 maxime
899 1789 1179 1854 dolenteS„
1209 1790 1359 1842 nihil
1398 1791 1676 1857 antiquius
1702 1791 1923 1853 habent,
1955 1805 2120 1856 quam

217 1893 315 1929 sua
350 1876 639 1929 Nobiscum
679 1877 1102 1940 communicare,
1148 1884 1202 1930 et
1240 1878 1487 1930 conferre
1528 1876 1770 1942 consilia,
1819 1894 1883 1931 ac
1919 1876 2120 1930 saluta-

215 1964 297 2015 ria
333 1968 411 2015 tot
449 1961 843 2016 calamitatibus
879 1963 1142 2016 adhibere
1178 1964 1438 2017 remedia.
1489 1963 1550 2015 In
1578 1966 1934 2017 oecumenico
1968 1965 2118 2017 enim

217 2051 325 2102 hoc
362 2047 603 2102 Concilio
643 2064 708 2100 ea
745 2050 931 2102 omnia
968 2050 1373 2103 accuratissime
1414 2051 1662 2105 examine
1712 2058 1841 2104 sunt
1895 2067 2120 2120 perpen-

219 2136 411 2199 denda,
456 2150 518 2188 ac
553 2137 853 2200 statuenda,
898 2152 1038 2204 quae
1077 2137 1228 2191 hisce
1264 2138 1587 2205 praesertim
1630 2139 1943 2207 asperrimis
1982 2142 2120 2192 tem-

206 2392 396 2452 -Oristo‚
429 2406 458 2442 e
489 2390 743 2441 sostenere
772 2394 789 2440 i
821 2394 982 2443 diritti
1014 2395 1144 2443 della
1189 2395 1432 2455 giustizia
1482 2409 1510 2444 e
1541 2396 1670 2444 della
1700 2396 1897 2457 verita;
1947 2411 1974 2446 e
2017 2411 2120 2450 sco-

213 2467 349 2527 prire
380 2468 427 2516 le
456 2468 639 2516 insidie
671 2468 808 2528 degli
841 2470 1035 2516 uomini
1066 2469 1279 2530 inimici,
1333 2471 1661 2520 condannare
1707 2473 1783 2532 gli
1829 2475 1984 2522 errori
2015 2488 2043 2522 e
2073 2475 2120 2524 le

211 2543 337 2590 false
366 2541 605 2602 dottrine‚
638 2555 666 2589 e
696 2543 1008 2602 proscrivere
1038 2545 1084 2592 le
1116 2543 1244 2600 sette
1264 2545 1608 2605 den’empieta
1628 2559 1656 2595 e
1677 2546 1896 2608 vigilare
1919 2562 1947 2596 e
1972 2562 2119 2608 prov·

215 2617 398 2665 vedere
428 2616 756 2664 all’universo
787 2629 994 2677 gregge
1025 2618 1105 2666 del
1137 2618 1374 2679 Signore.

271 2691 369 2751 Ma,
402 2691 664 2750 seguendo
693 2692 741 2739 le
773 2692 990 2752 vestig-ie
1022 2693 1205 2742 illustri
1239 2694 1320 2745 dei
1349 2694 1519 2743 Nostri
1535 2696 1859 2757 antecessori,
1883 2698 2116 2748 abbiamo

216 2763 480 2824 giudicato
516 2763 801 2823 opportuno
852 2766 1108 2815 radunare
1151 2768 1207 2814 in
1268 2767 1491 2818 Concilio
1553 2773 1812 2831 generale,
1862 2784 2001 2821 come
2053 2774 2118 2824 da

214 2837 370 2886 molto
400 2838 569 2897 tempo
598 2839 647 2886 lo
679 2839 1075 2902 desideravam0‚
1107 2841 1231 2890 tutti
1261 2843 1279 2889 i
1322 2844 1611 2893 Venerabili
1654 2845 1858 2894 Fratelli
1902 2848 2115 2897 Vescovi

215 2911 574 2969 dell’universo
606 2912 743 2972 orbe,
777 2913 869 2962 che
899 2927 1022 2963 sono
1054 2915 1295 2966 chiamati
1325 2930 1357 2965 a
1385 2918 1531 2978 parte
1562 2920 1693 2969 della
1722 2921 1896 2969 nostra
1927 2923 2114 2971 solleci-

184 2986 407 3041 ,tudine.
443 2987 466 3033 I
497 2987 635 3047 quali
656 2988 943 3036 Venerabili
973 2989 1178 3040 Fratelli
1212 2993 1374 3042 accesi
1404 2993 1470 3041 da
1520 2994 1780 3054 singolare
1811 3009 1981 3046 amore
2023 3011 2113 3057 per

211 3063 261 3108 la
291 3061 471 3109 Chiesa
503 3060 753 3122 cattolica,
787 3076 815 3110 e
846 3064 1068 3124 cospicui
1098 3078 1188 3126 per
1218 3068 1270 3115 la
1299 3068 1405 3116 loro
1436 3069 1614 3119 esimia
1644 3070 1782 3129 pieta
1802 3085 1829 3121 e
1852 3073 2113 3121 riverenza

211 3148 356 3184 verso
386 3136 477 3183 Noi
511 3149 539 3183 e
571 3148 718 3184 verso
751 3138 931 3197 questa
961 3139 1235 3199 apostolica
1266 3141 1410 3203 Sede,
1445 3156 1473 3192 e
1503 3145 1714 3194 solleciti
1745 3159 1834 3206 per
1866 3148 1916 3194 la
1948 3148 2112 3195 salute

212 3211 339 3258 delle
360 3209 531 3258 anime
561 3224 589 3258 e
620 3211 867 3269 prestanti
898 3225 988 3271 per
1019 3214 1273 3276 sapienza,
1306 3229 1397 3276 per
1429 3217 1655 3266 dottrina
1689 3220 1750 3268 ed
1802 3207 2107 3281 erudizione,

210 3284 272 3331 ed
300 3284 512 3332 insieme
541 3297 638 3332 con
669 3285 761 3332 Noi
791 3285 1069 3335 addolorati
1099 3301 1188 3348 per
1218 3290 1269 3338 la
1298 3290 1590 3341 tristissima
1628 3294 1922 3344 condizione
1967 3296 2112 3343 tanto

211 3358 338 3406 delle
367 3370 480 3406 cose
508 3370 664 3418 sacre,
698 3360 891 3420 quanto
922 3362 1049 3410 delle
1078 3375 1191 3413 cose
1206 3365 1362 3425 civili,
1396 3366 1570 3415 niente
1583 3367 1828 3417 bramano
1851 3370 1941 3429 pisi
1974 3371 2112 3418 viva-

209 3432 380 3479 mente
410 3433 475 3480 da
503 3433 656 3480 molto
686 3434 857 3494 tempo
874 3435 966 3484 che
988 3436 1039 3482 di
1071 3439 1392 3489 comunicare
1410 3454 1437 3488 e
1468 3442 1712 3492 conferire
1730 3456 1825 3491 con
1857 3445 1950 3491 Noi
1971 3445 1988 3490 i
2006 3446 2112 3492 loro

210 3505 427 3563 consigli
454 3517 545 3565 per
576 3519 804 3556 arrecare
834 3509 1045 3557 salutari
1076 3511 1255 3561 rimedi
1289 3527 1319 3562 a
1347 3514 1493 3563 tante
1513 3517 1766 3565 calamita.
1788 3518 2111 3577 Imperocche

207 3577 263 3624 in
293 3578 470 3638 questo
500 3579 723 3629 Concilio
753 3584 993 3641 generale
1038 3585 1080 3632 si
1126 3587 1389 3637 dovranno
1420 3591 1974 3640 accuratissimamente
2003 3605 2108 3640 esa-

208 3650 403 3701 minare
430 3665 460 3702 e
487 3653 711 3708 stabilire
739 3658 785 3706 le
816 3668 928 3706 cose
960 3658 1053 3708 che
1082 3660 1247 3729 prima
1278 3664 1329 3713 di
1360 3665 1495 3721 tutto
1527 3664 1859 3728 rig-tramam,
1894 3668 2101 3727 special-
