2488 4290
419 295 479 346 26

418 405 750 467 immissum,
796 408 1092 470 postquam
1128 402 1191 453 hi
1228 402 1458 453 fuissent
1493 397 1872 468 Apostolorum
1909 398 2164 472 lacrymis
2199 395 2328 458 irriss
2408 401 2431 446 ἶ

418 490 547 553 gati,
593 490 730 541 adeo
768 489 1071 541 uberrimos
1125 487 1252 538 tulit
1308 486 1550 550 fructus,
1596 491 1687 550 ut,
1749 487 1847 538 ubi
1900 487 2125 541 horrida
2161 491 2317 556 prius
2392 484 2394 489 '

417 573 669 626 sterilitas
731 576 1085 638 occurrebat,
1154 572 1476 623 admiranda
1535 570 1844 624 fecunditas
1905 575 2313 642 suspiceretur,
2395 584 2425 623 1.

418 665 581 726 atque
639 661 784 711 unde
841 658 1027 712 tribuli
1089 662 1305 709 tantum
1363 672 1425 708 ac
1479 659 1669 725 spinae
1708 660 2095 724 exsurgebant,
2138 658 2317 726 largae
2395 650 2424 711 ᾗ

417 736 547 796 inde
601 745 951 796 flavescerent
1003 748 1213 806 segetes
1267 739 1616 795 metentium'
1650 757 1878 795 manum
1936 749 2310 812 exposcentes,
2390 736 2399 818 23

415 831 508 894 qui
549 845 635 881 eas
674 830 735 880 in
772 828 1084 896 manipulos
1123 826 1405 893 colligatas
1442 829 1742 880 Dominicis
1780 829 1992 881 horreis
2028 829 2307 894 inferrent.
2407 837 2410 844 “

486 917 655 981 Atque
693 915 845 966 hunc
880 911 1073 980 procul
1099 914 1283 977 dubio,
1317 913 1424 965 Vos
1450 914 1613 979 scitiS,
1648 914 1853 966 exitum
1887 915 2131 968 habuere
2154 915 2318 967 innu-

416 1001 556 1052 meri
594 998 975 1066 Apostolorum
1013 999 1246 1050 labores.
1290 998 1472 1052 Fletus
1510 1001 1662 1052 enim
1702 1015 1910 1063 eorum,
1943 1001 2204 1053 messium
2229 1015 2320 1052 co·

415 1087 506 1151 pia
543 1090 836 1151 perspecta,
878 1085 940 1134 in
978 1085 1246 1156 gaudium
1285 1090 1366 1135 est
1400 1099 1590 1136 versus
1627 1099 1937 1137 moerorem
1976 1082 2187 1152 expulit
2208 1082 2319 1138 lae·
2388 1099 2414 1126 2‘

418 1170 549 1231 titia,
593 1184 732 1234 quae
772 1174 922 1220 tanto
962 1170 1173 1243 maiore
1202 1167 1577 1222 consolatione
1603 1170 2038 1236 uniuscuiusque
2063 1169 2318 1221 animum
2395 1222 2398 1236 ι

415 1254 758 1320 permulcere
797 1256 1038 1321 profecto
1079 1255 1282 1317 debuit,
1314 1260 1522 1321 quanto
1550 1256 1797 1320 graviore
1837 1255 2057 1307 tristitia
2083 1253 2318 1306 demersi
2388 1270 2416 1308 >

418 1340 672 1404 fuerant,
739 1348 1054 1407 quantoque
1116 1340 1441 1408 ampliorem
1505 1356 1566 1393 ex
1626 1341 1756 1408 ipsis
1817 1341 2084 1401 fructibus
2145 1339 2316 1392 etiam
2391 1351 2421 1358 ’·

416 1426 726 1477 mercedem
766 1427 1054 1492 sperabant
1090 1441 1146 1478 se
1186 1441 1300 1478 esse
1336 1420 1746 1491 ‘consecuturos
1789 1441 1963 1491 quum
1987 1423 2098 1476 illis
2135 1422 2318 1476 onusti

418 1510 650 1563 Domino
688 1512 880 1563 vineae
921 1506 1324 1565 occurrissent:⁴
1358 1512 1607 1565 Venientes
1633 1516 1799 1564 autem
1823 1511 2015 1563 venient
2043 1523 2150 1562 cum
2176 1506 2319 1562 emut-
2390 1499 2408 1547 [-

418 1595 609 1662 tatione
635 1600 907 1663 portantes
944 1596 1221 1664 manipulos
1258 1611 1391 1648 suos.
2309 1642 2312 1646 .
2390 1643 2418 1668 -,

488 1681 632 1740 Quae
672 1697 801 1733 cum
841 1683 916 1733 ita
952 1683 1076 1745 sint,
1121 1681 1308 1735 nullus
1347 1684 1554 1749 dubito,
1570 1681 1930 1747 NVenerabiles
1955 1683 2148 1746 Patres,
2179 1681 2316 1749 quin
2396 1676 2413 1683 ”

414 1765 473 1816 111
509 1766 603 1818 1116
639 1767 1021 1833 Apostolorum
1057 1768 1386 1819 hodiernam
1422 1774 1656 1820 vestram
1698 1769 2076 1820 conditionem
2100 1782 2315 1834 reprae-
2395 1758 2419 1834 ,ᾗ

414 1854 692 1907 sentarim.
721 1850 826 1904 Vos
846 1867 1084 1918 namque
1115 1853 1275 1905 video
1302 1869 1331 1906 e
1357 1854 1735 1906 remotissimis
1776 1868 1996 1919 quoque
2041 1858 2316 1905 terrarum
2392 1851 2410 1894 s

414 1939 659 2005 partibus
714 1937 783 1999 ad
836 1937 991 1990 hunc
1045 1944 1344 2004 augustum
1401 1953 1715 1991 consessum
1763 1937 2022 1991 lubenter
2082 1936 2315 2004 quidem
2395 1956 2405 2011 ς

417 2149 609 2209 gittato
641 2150 697 2197 in
730 2151 909 2211 quegli
942 2151 1183 2211 squallidi
1213 2151 1398 2212 campi,
1420 2151 1552 2198 tosto
1584 2150 1676 2199 ch'e
1706 2151 1888 2199 furono
1918 2150 2086 2211 questi
2113 2147 2318 2208 irrigati
2407 2154 2418 2211 {-

417 2226 547 2272 dalle
577 2226 796 2283 lagrime
844 2224 985 2283 degli
1030 2226 1276 2286 Apostoli,
1310 2227 1391 2273 (116
1419 2226 1571 2272 frutti
1602 2225 1704 2273 cosi
1745 2224 2192 2284 soprabbondanti,
2225 2224 2318 2272 ohe

416 2300 544 2346 dove
574 2299 738 2356 prima
769 2312 1037 2346 occorreva
1066 2299 1334 2346 un’orrida
1364 2299 1597 2360 sterilita‚
1641 2312 1865 2358 apparve
1904 2298 2316 2346 un'ammirabile

416 2373 695 2433 secondita3
742 2386 769 2420 e
815 2374 943 2420 dove
987 2374 1155 2430 prima
1200 2374 1527 2432 spuntavano
1574 2374 1850 2421 solamente
1892 2373 2063 2420 triboli
2095 2385 2122 2419 e
2152 2373 2314 2430 spine,

415 2447 862 2506 biondeggiarono
906 2448 1091 2506 larghe
1135 2449 1303 2507 messi,
1352 2448 1605 2495 chiedenti
1650 2450 1700 2494 la
1743 2460 1895 2495 mano
1941 2448 2022 2494 dei
2057 2445 2315 2504 mietitori‚
2363 2478 2367 2484 ·
2482 2487 2483 2490 ,

417 2521 634 2567 affinche
662 2521 837 2580 legate
867 2522 923 2566 in
954 2520 1139 2586 fastelli
1171 2523 1357 2569 fossero
1387 2523 1604 2570 raccolte
1634 2523 1719 2569 nei
1750 2522 1936 2580 granai
1966 2521 2046 2568 del
2077 2521 2312 2579 Signore.
2357 2550 2362 2552 -
2414 2519 2423 2529 ’

480 2595 587 2639 Tali
620 2595 858 2653 successi,
893 2595 1000 2653 egli
1031 2594 1058 2641 6
1090 2595 1245 2650 certo,
1279 2608 1419 2649 come
1460 2596 1555 2641 Voi
1592 2594 1780 2654 sapete,
1824 2595 2005 2641 ebbero
2045 2593 2123 2652 gli
2165 2594 2317 2638 innu-

418 2669 660 2714 merevoli
705 2668 933 2726 travagli
981 2669 1121 2726 degli
1166 2669 1410 2726 Apostoli.
1459 2669 1642 2716 Poiche
1671 2670 1709 2714 11
1739 2670 1845 2714 loro
1876 2667 2070 2726 pianto‚
2103 2665 2238 2713 vista
2266 2666 2318 2712 la
2399 2667 2406 2692 ’-

386 2789 389 2791 ,
418 2741 560 2797 copia
607 2741 734 2788 delle
778 2742 946 2801 messi,
980 2743 1024 2787 si
1054 2742 1280 2789 tramuto
1310 2743 1366 2788 in
1398 2743 1608 2802 gaudio,
1653 2744 1707 2788 la
1753 2743 1896 2801 gioia
1941 2740 2108 2788 caceio
2149 2741 2236 2786 via
2264 2740 2316 2785 la
2395 2749 2425 2805 -J,

418 2813 680 2860 tristezza:
730 2815 956 2862 ondeche
986 2817 1022 2861 11
1052 2817 1160 2862 loro
1191 2817 1363 2863 animo
1406 2816 1610 2863 dovette
1656 2828 1820 2863 essere
1848 2813 2094 2862 inondato
2125 2814 2177 2860 di
2208 2823 2316 2859 una
2403 2808 2425 2877 s·

418 2888 763 2934 consolazione
810 2889 956 2935 tanto
995 2889 1088 2947 piu
1130 2890 1347 2949 grande,
1393 2890 1589 2949 quanto
1618 2889 1711 2947 piu
1740 2902 1901 2948 grave
1932 2889 1990 2934 fu
2017 2889 2314 2934 l'amarezza
2387 2886 2419 2949 ᾗ]

417 2957 474 3004 111
506 2961 591 3007 cui
622 2962 898 3019 giacquero
929 2963 1178 3022 immersi;
1228 2976 1255 3010 e
1297 2964 1492 3023 quanto
1525 2963 1629 3022 'piu
1671 2965 1839 3021 ampla
1883 2963 1941 3008 fu
1981 2963 2032 3008 la
2061 2957 2310 3018 mercede,

417 3034 509 3080 che
540 3047 821 3091 speravano
867 3037 1172 3094 conseguire
1219 3037 1364 3096 dagli
1410 3037 1555 3084 stessi
1602 3037 1769 3096 frutti,
1803 3037 2008 3096 quando
2039 3033 2229 3082 carichi
2259 3035 2313 3082 di

418 3108 515 3153 essi
547 3109 589 3152 si
623 3108 809 3155 fossero
840 3109 1119 3166 presentati
1149 3111 1198 3156 al
1239 3111 1464 3167 padrone
1509 3111 1642 3157 della
1687 3111 1878 3168 vigna:
1935 3110 2182 3156 Verranno
2227 3119 2312 3156 con
2366 3168 2369 3169 ⁷
2407 3135 2419 3170 ‚¹-
2483 3103 2485 3106 ⁴

418 3181 678 3228 esultanza
698 3183 944 3241 portando
974 3183 994 3228 i
1026 3183 1129 3230 loro
1161 3184 1415 3242 manipoli.

478 3255 669 3301 Stando
700 3255 801 3302 cosi
831 3257 868 3301 il
901 3257 1044 3315 fatto,
1077 3270 1181 3303 non
1213 3257 1391 3304 dubito
1421 3259 1601 3317 punto,
1634 3257 1924 3305 Venerabili
1955 3255 2124 3309 Padri‚
2145 3255 2238 3303 che
2260 3254 2310 3301 io
2346 3300 2363 3310 ,κ
2448 3290 2451 3292 -

418 3330 554 3375 116116
595 3330 889 3376 condizione
933 3330 1073 3387 degli
1121 3330 1348 3388 Apostoli
1394 3343 1499 3377 non
1540 3332 1690 3378 abbia
1733 3330 1930 3388 dipinto
1971 3330 2022 3375 16
2052 3328 2225 3375 vostra
2257 3326 2317 3375 di
2358 3331 2374 3336 “
2474 3325 2482 3387 [

417 3402 583 3459 questi
614 3402 682 3448 dl.
725 3403 1049 3460 «Imperocche
1090 3404 1139 3449 io
1181 3417 1355 3463 veggo
1387 3406 1454 3451 da
1483 3405 1835 3451 lontanissime
1863 3402 1999 3461 parti
2044 3414 2178 3449 esser
2210 3393 2308 3447 Voi
2472 3462 2475 3463 ⁷

419 3476 607 3523 accorsi
655 3476 706 3522 di
756 3477 895 3523 buon
944 3478 1108 3536 grado
1155 3491 1186 3524 a
1231 3479 1409 3537 questo
1450 3478 1708 3538 ConsessO,
1753 3490 1838 3524 ma
1879 3475 2000 3535 pero
2045 3474 2232 3523 maceri
2261 3474 2312 3523 la
2390 3478 2415 3543 J
