2488 4290
0 2877 2 2884 <
0 2674 11 2858 ν--κ-ι-ψννυ-Ἰ
0 2644 2 2651 ν
0 2480 7 2603 --.-v-
0 2459 10 2464 :
0 2415 3 2420 -

2016 295 2097 345 111

199 409 457 465 creaturis
494 407 825 474 impertitur,
857 404 1144 459 liberrimo
1179 403 1411 457 consilio
1450 402 1620 456 simul
1660 404 1727 455 ab
1766 403 1927 455 initio
1970 409 2102 455 tem-

199 498 348 566 poris
384 501 675 560 utramque
713 494 779 545 de
818 492 997 545 nihilo
1037 492 1286 544 condidit
1325 496 1646 553 creaturam,
1681 488 2024 555 spiritualem
2051 497 2104 541 et

200 581 559 650 corporalem,
601 579 907 645 angelicam
963 577 1216 644 videlicet
1273 584 1327 630 et
1382 577 1743 637 mundanam,
1789 590 1850 627 ac
1905 575 2102 627 deinde

149 695 155 698 ·
197 671 502 723 humanam
542 667 694 733 quasi
734 680 1089 719 communem
1130 682 1191 719 ex
1228 664 1431 733 spiritu
1470 669 1524 716 et
1561 675 1787 728 corpore
1839 662 2103 713 constitu-

201 765 312 810 tam
372 756 434 806 1.

267 752 522 892 Universa
558 855 706 906 vero,
737 855 878 906 quae
918 839 1179 902 condidit,
1224 840 1364 890 Deus
1406 836 1748 906 providentia
1786 849 1886 887 sua
1921 839 2106 886 tuetur

124 950 130 955 ·
196 935 362 995 atque
401 927 681 992 gubernat,
726 926 1000 990 attingens
1040 942 1071 976 a
1111 924 1220 977 fine
1258 939 1427 991 usque
1468 924 1536 974 ad
1578 923 1746 974 finem
1786 920 2018 985 fortiter,
2054 926 2105 971 et

198 1014 489 1081 disponens
527 1014 716 1064 omnia
753 1013 992 1064 suaviter
1029 1012 1112 1079 (⁶2).
1180 1011 1375 1062 Omnia
1428 1010 1577 1062 enim
1630 1009 1782 1060 nuda
1832 1014 1884 1058 et
1920 1012 2106 1073 aperta

194 1107 322 1154 sunt
347 1099 520 1151 oculis
548 1100 668 1151 eius
693 1098 778 1168 (3),
813 1113 874 1150 ea
901 1099 1083 1162 etiam,
1115 1113 1257 1163 quae
1286 1095 1462 1149 libera
1489 1102 1865 1148 creaturarum
1892 1093 2105 1146 actione

195 1188 382 1239 futura
418 1193 563 1238 sunt.

1000 1296 1201 1349 CAPUT
1239 1296 1298 1349 ΙΙ.

867 1461 869 1463 ,
924 1414 1001 1465 De
1047 1412 1367 1465 revelatione.

264 1545 459 1597 Eadem
499 1543 694 1595 Sancta
731 1546 896 1596 Mater
932 1542 1168 1595 Ecclesia
1209 1548 1358 1594 tenet
1395 1548 1450 1593 et
1489 1542 1666 1607 docet,
1698 1543 1887 1605 Deum,
1920 1558 2103 1593 rerum

196 1630 448 1684 omnium
502 1630 837 1696 principium
894 1637 948 1681 et
1003 1628 1196 1684 finem.
1245 1629 1485 1680 naturali
1541 1628 1821 1680 humanae
1878 1629 2105 1680 rationis

193 1717 408 1770 lumine
435 1733 463 1769 e
489 1716 650 1768 rebus
676 1717 873 1769 creatis
913 1721 1062 1769 certo
1103 1716 1358 1780 cognosci
1397 1730 1583 1784 posse3
1626 1714 1930 1767 invisibilia
1957 1716 2104 1766 enim

193 1805 382 1873 ipsius,
418 1820 450 1855 a
481 1810 728 1856 creatura
766 1803 983 1869 mundi,
1014 1819 1112 1870 per
1153 1818 1217 1855 88
1255 1817 1396 1870 quae
1433 1804 1578 1855 facta
1616 1808 1763 1867 sunt,
1806 1801 2097 1867 intellecta,

189 2055 410 2116 partisce
441 2056 539 2101 alle
571 2054 821 2113 creature,
857 2067 953 2101 con
986 2053 1291 2101 liberissimo
1325 2053 1595 2114 consigno,
1630 2054 1712 2099 dal
1743 2053 1995 2112 principio
2027 2054 2108 2101 del

191 2131 366 2189 tempo
398 2130 644 2188 produsse
691 2129 774 2175 dal
822 2127 998 2176 niente
1043 2128 1190 2175 l’una
1220 2141 1248 2175 e
1279 2127 1453 2175 l'altra
1499 2127 1738 2176 creatura
1782 2128 2009 2187 insieme,
2059 2129 2108 2175 18

191 2205 460 2265 spirituale
491 2217 518 2252 e
550 2205 600 2249 18
631 2205 907 2262 corporale,
943 2204 1056 2249 vale
1087 2214 1118 2249 a
1149 2202 1259 2250 dire
1292 2203 1580 2261 l'angelica
1620 2216 1647 2249 e
1687 2203 1737 2249 la
1775 2203 2048 2260 mondiale,
2081 2215 2108 2249 8

191 2279 374 2340 quindi
406 2279 656 2339 l’umana,
691 2279 839 2337 quasi
872 2291 1107 2336 comune,
1141 2275 1409 2324 costituita
1441 2277 1492 2324 di
1526 2277 1705 2337 spirito
1736 2290 1763 2324 e
1794 2275 1846 2323 di
1878 2290 2044 2336 corp0.

243 2353 404 2402 ‘Tutte
434 2354 516 2413 poi
547 2355 595 2402 18
626 2366 740 2400 cose
771 2353 864 2400 che
912 2352 1043 2413 creo,
1094 2353 1238 2400 Iddio
1287 2353 1417 2400 colla
1462 2365 1556 2399 sua
1602 2353 1945 2412 provvidenza
1990 2364 2107 2399 con-

190 2442 339 2478 serva
367 2441 396 2477 e
426 2441 678 2488 governa,
713 2427 961 2476 toccando
995 2427 1060 2474 da
1092 2427 1195 2474 fine
1215 2440 1246 2474 a
1269 2428 1373 2474 fine
1396 2426 1715 2487 fortemente,
1738 2441 1765 2475 e
1786 2426 2107 2486 disponendo

192 2504 319 2564 ogni
352 2515 469 2551 cosa
498 2502 840 2550 soavemente.
877 2501 1126 2549 Perocche
1158 2501 1296 2551 tutte
1326 2501 1374 2548 le
1406 2513 1518 2548 cose
1549 2514 1673 2548 sono
1707 2502 1847 2548 nude
1878 2514 1906 2548 e
1936 2502 2110 2560 aperte

192 2577 239 2624 a’
259 2578 370 2624 suoi
401 2577 559 2637 occhi,
594 2576 758 2623 anche
789 2577 956 2634 quelle
998 2576 1091 2624 che
1135 2586 1226 2633 per
1271 2575 1430 2623 libera
1474 2576 1650 2623 azione
1698 2576 1826 2623 delle
1873 2574 2108 2624 creature

191 2663 414 2699 saranno
444 2664 534 2711 per
565 2652 825 2700 avvenire.

1020 2766 1184 2815 CAPO
1218 2767 1282 2814 II.

895 2871 1044 2920 Bella
1074 2871 1389 2921 rivelazione.

249 2992 321 3038 La
352 2991 629 3039 medesima
660 2979 822 3038 Santa
851 2990 1026 3038 Madre
1056 2989 1238 3038 Ghiesa
1268 2989 1405 3039 tiene
1428 3005 1455 3038 e
1476 2993 1716 3052 insegna‚
1744 2991 1921 3051 potere
1943 2992 2102 3052 Iddi0‚

190 3066 443 3126 principio
474 3077 502 3112 8
532 3066 635 3112 fine
667 3066 719 3111 di
752 3064 888 3112 tutte
919 3066 966 3112 le
1008 3077 1136 3126 cose,
1186 3076 1351 3113 essere
1399 3066 1692 3114 conosciuto
1740 3080 1836 3114 con
1882 3066 2106 3116 certezza

191 3141 271 3199 pel
302 3141 442 3187 lume
485 3139 722 3187 naturale
769 3139 1085 3186 dell’umana
1130 3140 1349 3200 ragione
1395 3141 1652 3189 mediante
1685 3143 1731 3189 18
1762 3154 1876 3189 cose
1907 3141 2101 3200 create3

193 3213 499 3262 essendoche
529 3215 575 3260 le
606 3226 717 3261 cose
748 3214 993 3273 invisibili
1025 3214 1077 3261 di
1109 3215 1200 3274 lui,
1238 3215 1368 3274 dopo
1417 3216 1585 3264 creato
1632 3217 1669 3263 il
1717 3217 1924 3276 mond0‚
1974 3228 2106 3268 com-

255 3373 317 3433 (1)
351 3373 501 3420 Conc.
537 3372 702 3420 Later.
739 3374 825 3431 IV,
859 3386 901 3419 c.
939 3372 960 3419 l
994 3372 1256 3421 Firmiter.

256 3445 316 3506 (2)
353 3446 470 3506 Sap.
505 3446 643 3507 VIII,
679 3447 721 3493 1.

256 3519 316 3579 (3)
349 3519 424 3567 Of.
458 3520 611 3578 Hebr.
649 3521 736 3580 IV,
773 3519 846 3574 13.
