2488 4290
429 310 518 393 ³⁷2

427 415 520 463 aut
550 415 735 462 habere
765 411 1080 472 praesumat,
1115 413 1215 458 nisi
1248 410 1455 470 propter
1489 421 1678 470 graves
1709 410 1761 458 et
1790 410 2072 468 peculiares
2113 410 2336 462 rationes

424 490 686 538 licentiam
716 487 951 548 legitime
983 486 1289 534 obtinuerit.

490 564 720 612 Pastores
751 564 1045 608 animarum
1075 562 1130 607 in
1161 560 1259 606 hac
1290 570 1345 606 re
1381 571 1485 605 non
1532 558 1742 605 tantum
1787 559 1920 606 bono
1967 571 2060 605 suo
2106 561 2336 619 exemplo
2412 544 2419 554 ²
2467 591 2485 596 .,

429 640 666 687 fidelibus
695 636 1043 695 praeluceant,
1067 636 1156 681 sed
1179 634 1336 681 etiam
1356 634 1527 680 verbis
1550 633 1842 680 efficacibus
1864 645 1946 680 eos
1968 633 2018 680 et
2039 634 2340 691 praesertim
2406 614 2414 633 ‘⁵

429 713 599 772 patres
630 712 849 758 familias
880 709 1093 767 paterne
1116 707 1333 755 doceant
1353 706 1404 754 et
1425 719 1576 765 saepe
1597 705 1924 767 admoneant,
1949 706 2010 753 ut
2030 709 2095 754 ad
2119 709 2340 758 salutem
2375 722 2378 723 ’
2482 739 2485 767 3

431 800 580 834 suam
610 797 924 843 suarumque
955 783 1270 830 familiarum
1300 782 1456 829 libros
1489 782 1608 829 fidei
1633 781 1684 829 et
1703 794 1906 829 morum
1938 782 2232 842 integritati
2252 796 2339 831 no·

431 863 570 909 civos
599 859 749 906 caute
780 857 1026 916 devitent,
1060 869 1227 915 neque
1259 856 1388 915 tales
1419 868 1507 914 per
1541 857 1715 903 domos
1746 868 1868 902 suas
1910 851 2087 904 haberi
2119 857 2171 904 et
2200 840 2354 905 lecti-⁹

434 936 533 982 tari
565 932 881 993 permittant.
919 931 1106 978 Sedulo
1137 943 1288 988 porro
1321 931 1371 978 et
1394 930 1674 988 prudenter
1705 930 1988 990 invigilent
2017 931 2243 991 parochi,
2275 944 2342 980 ne

433 997 550 1057 libri
581 1008 806 1066 perversi
838 1006 889 1052 et
919 1004 1222 1064 praesertim
1252 1006 1401 1063 parvi
1434 1004 1687 1052 tractatus
1718 1017 1916 1052 veneno
1951 1006 2107 1065 pleni,
2150 1007 2342 1064 quibus
2414 1051 2415 1054 ,

434 1083 676 1142 religioni
707 1081 929 1138 fideique
960 1079 1252 1127 contemtus
1284 1079 1335 1127 et
1366 1080 1543 1126 odium
1573 1078 1805 1138 paratur,
1837 1080 1894 1125 in
1915 1091 2135 1138 gregem
2154 1080 2343 1127 diffun-
2412 1135 2418 1141 ,

437 1157 629 1204 dantur
670 1157 778 1202 sive
823 1167 912 1213 per
960 1155 1262 1212 bibliopolas
1309 1155 1418 1201 sive
1462 1166 1551 1212 per
1600 1154 1724 1201 alios
1769 1153 2073 1201 mercatores
2118 1155 2343 1204 maxime
2415 1196 2434 1217 .-

436 1224 736 1289 emissarios,
770 1230 879 1276 sive
908 1242 936 1275 e
967 1228 1305 1288 bibliotheciS,
1340 1228 1479 1276 unde
1509 1229 1627 1274 libri
1668 1227 1855 1274 mutuo
1900 1228 2242 1287 accipiuntur.
2289 1228 2371 1277 Si·
2429 1228 2435 1288 3

390 1316 393 1320 ·
437 1305 686 1353 eiusmodi
716 1305 835 1350 libri
883 1303 1071 1350 alicubi
1120 1301 1539 1361 disseminantur,
1590 1303 1736 1349 seriis
1782 1302 1994 1359 monitis
2037 1303 2231 1361 proprii
2259 1315 2345 1362 pa·
2416 1292 2418 1294 ’

437 1379 588 1426 storis
617 1390 722 1425 non
753 1376 1158 1436 proficientibuS,
1193 1388 1274 1424 res
1293 1376 1472 1423 habita
1493 1377 1603 1423 eius
1625 1375 1935 1423 certitudine
1954 1376 2019 1422 ad
2040 1376 2346 1436 Episcopum
2430 1375 2432 1377 ’

440 1452 716 1511 deferatur,
751 1451 813 1497 ut
843 1450 1082 1498 invocato
1114 1450 1270 1498 etiam
1300 1449 1640 1510 magistratus
1661 1451 1827 1497 civilis
1848 1450 2044 1497 auxilio
2063 1451 2346 1510 perniciosa

440 1527 731 1575 mercatura
759 1525 1068 1573 coerceatur.
1121 1524 1364 1572 Similiter
1411 1525 1696 1584 invigilent
1741 1525 1967 1584 parochi,
1999 1537 2066 1572 ne
2094 1525 2214 1572 libri
2261 1538 2347 1572 su·
2426 1545 2437 1554 ·-

369 1607 374 1611 '
438 1601 789 1660 perstitionem
810 1598 1110 1660 redolenteS,
1134 1601 1215 1647 vel
1239 1600 1300 1647 de
1322 1600 1494 1647 dubiis
1515 1599 1810 1658 prophetiiS,
1834 1598 2044 1646 incertis
2065 1600 2342 1660 miracuIiS,
2414 1613 2431 1627 ‘⁶

441 1677 646 1722 falsisve
686 1673 1030 1733 indulgentiis
1075 1673 1342 1732 loquentes
1373 1674 1735 1733 divulgentur,
1768 1674 1865 1720 sub
1896 1674 2073 1731 poenis
2103 1674 2168 1721 ab
2202 1673 2346 1721 ordi·
2435 1699 2442 1737 2

442 1750 587 1795 nario
617 1748 921 1795 statuendis.
957 1747 1199 1806 Specialis
1221 1760 1347 1794 cura
1366 1748 1512 1794 libris
1534 1759 1740 1806 quoque
1759 1746 2130 1806 precationum,
2153 1748 2347 1806 quibus
2426 1750 2429 1754 ’

441 1824 614 1870 fideles
644 1822 888 1880 utuntur,
922 1835 952 1868 a
983 1820 1331 1868 sacerdotibus
1361 1820 1437 1867 ita
1469 1820 1816 1879 impendatur,
1866 1820 1927 1868 ut
1973 1820 2182 1868 tantum
2226 1822 2346 1870 libri
2419 1814 2430 1831 ‘⁴

441 1897 631 1943 tenoris
661 1909 779 1943 vere
810 1895 1070 1966 catholici,
1097 1896 1350 1943 sinceram
1380 1894 1623 1957 pietatem
1652 1894 1864 1954 alenteS,
1900 1895 1955 1941 in
2001 1907 2187 1943 manus
2227 1896 2347 1944 fide-

444 1972 574 2017 lium
604 1969 924 2029 perveniant.
961 2004 964 2006 v

505 2045 880 2092 Translationes
925 2044 1206 2090 Bibliorum
1253 2044 1317 2090 ab
1364 2042 1634 2090 haereticis
1681 2042 1938 2091 confectae
1957 2079 1969 2102 ,
2018 2055 2150 2102 quae
2194 2044 2348 2092 hodie
2391 2082 2394 2083 ν
2431 2051 2437 2058 ’”

443 2121 632 2177 passim
662 2117 987 2178 sparguntur
1019 2117 1070 2165 et
1100 2117 1237 2164 ultro
1268 2117 1573 2176 offeruntur,
1621 2118 1830 2165 omnino
1871 2117 2160 2175 prohibitae
2203 2118 2344 2165 sunt.
2431 2139 2443 2171 ,-

445 2194 734 2241 Catholicae
763 2191 815 2239 et
845 2191 1153 2250 approbatae
1184 2192 1440 2238 versiones
1471 2204 1590 2262 cum
1620 2191 2043 2239 adnotationibus
2066 2205 2134 2240 ex
2159 2191 2350 2239 sanctis

444 2268 681 2316 Patribus
711 2267 792 2313 vel
823 2266 937 2313 aliis
973 2265 1134 2313 doctis
1176 2265 1226 2312 et
1267 2264 1530 2313 catholicis
1577 2267 1718 2325 vine,
1767 2265 2024 2324 quantum
2080 2278 2208 2324 opus
2275 2265 2351 2313 est
2427 2298 2436 2331 3

449 2343 655 2390 abunde
685 2340 984 2399 suppetunt.
2254 2357 2258 2359 v

504 2416 731 2462 Maxima
762 2413 1300 2473 denique‘sollicitudo
1330 2414 1439 2461 tam
1469 2414 1701 2462 fidelium
1731 2427 1888 2473 quam
1933 2414 2253 2462 sacerdotum
2293 2416 2351 2461 in

447 2504 504 2538 co
535 2489 825 2547 collocetur,
859 2488 921 2534 ut
951 2489 1071 2534 libri
1102 2489 1348 2547 salubreS,
1382 2500 1537 2535 sanae
1568 2488 1846 2548 doctrinae,
1881 2488 1933 2536 et
1962 2490 2054 2546 qui
2086 2501 2205 2536 vere
2240 2501 2352 2547 pro-
2432 2463 2448 2556 J

450 2564 575 2611 sunt
604 2562 918 2622 legentibus,
962 2563 1132 2608 locum
1178 2573 1459 2619 pravorum
1504 2563 1891 2620 praeoccupent.
1928 2564 2236 2610 Animarum
2265 2575 2353 2610 cu·
2422 2594 2428 2598 -

447 2638 548 2684 rati
579 2637 755 2695 itaque
794 2636 966 2683 fideles
1012 2636 1167 2694 probe
1212 2635 1570 2695 adhortentur,
1603 2636 1665 2682 ut
1694 2637 1849 2684 libros
1881 2637 2056 2696 bonoS‚
2092 2637 2183 2695 qui
2213 2650 2244 2683 a
2277 2637 2353 2684 di·
2432 2640 2433 2680 3

450 2711 609 2758 versis
640 2711 737 2768 piis
768 2708 1097 2756 societatibus
1128 2708 1355 2756 eduntur
1387 2709 1438 2756 et
1468 2710 1665 2769 exiguo
1695 2709 1997 2757 venduntur
2019 2709 2198 2769 preti0,
2222 2700 2353 2758 com·
2405 2711 2424 2717 ’“

450 2797 631 2842 parare
662 2784 923 2843 studeant,
959 2783 1010 2830 et
1039 2784 1414 2842 praemonendo
1445 2784 1642 2841 plebem
1673 2797 1827 2831 curae
1869 2796 1993 2831 suae
2033 2785 2355 2833 commissam

453 2858 631 2905 contra
677 2857 939 2916 suspectos
985 2859 1238 2904 librorum
1284 2858 1687 2915 perniciosorum
1732 2857 2036 2906 mercatores
2055 2893 2068 2917 ,
2116 2859 2351 2906 fidelibus
2434 2878 2438 2882 ·

450 2933 717 2979 nominent
748 2931 1205 2990 commendentque
1236 2933 1554 2990 bibliopolaS,
1578 2945 1609 2979 a
1631 2933 1819 2990 quibus
1850 2931 2166 2990 praestantes
2196 2932 2351 2991 atque
2427 2923 2433 2976 ἶ

452 3006 724 3052 catholicos
754 3007 908 3053 libros
937 3006 1141 3053 facilius
1171 3005 1444 3063 accipiant.
1470 3007 1630 3069 ‚Porro
1662 3005 1835 3053 studia
1854 3006 1970 3052 tum
1990 3006 2218 3053 fidelium
2237 3005 2353 3054 tum

451 3079 773 3126 sacerdotum
804 3079 1150 3138 conferantur,
1185 3080 1247 3126 ut
1275 3080 1332 3125 in
1364 3080 1522 3126 variis
1558 3080 1830 3138 parochiis,
1858 3081 2105 3129 ‚maxime
2150 3081 2352 3138 oppido-
2416 3099 2434 3113 .

450 3166 586 3212 rum,
617 3152 951 3200 bibliothecae
986 3155 1051 3200 ad
1093 3153 1406 3200 mutuandos
1452 3153 1607 3200 libros
1655 3153 1948 3212 erigantur,
1996 3153 2135 3200 unde
2180 3154 2352 3202 fideles
2420 3195 2426 3199 γ,

451 3229 643 3285 absque
672 3227 896 3284 periculo
928 3226 1110 3273 salutis
1150 3226 1420 3274 lectionem
1453 3239 1570 3275 vere
1601 3226 1782 3274 utilem
1812 3226 1928 3274 tum
1957 3227 2020 3275 de
2051 3227 2208 3273 sacris
2237 3226 2353 3275 tum
2421 3263 2442 3275 ,Α

453 3303 515 3348 de
545 3301 772 3358 profanis
803 3301 956 3346 rebus
988 3300 1039 3348 et
1069 3303 1135 3348 ad
1166 3302 1471 3359 relaxandos
1503 3313 1709 3360 quoque
1738 3302 1937 3348 animos
1969 3301 2050 3347 vel
2082 3299 2250 3359 gratis
2271 3301 2352 3348 vel
2430 3302 2438 3315 ²

453 3386 543 3432 per
565 3374 761 3432 exiguo
781 3374 943 3431 pretio
971 3386 1168 3421 sumere
1199 3374 1407 3433 possint.
1443 3375 1506 3421 Et
1537 3375 1782 3433 quoniam
1812 3374 2154 3432 ephemerides
2185 3373 2352 3432 quoti·
2375 3387 2378 3388 ⁷
2424 3398 2435 3431 q

456 3448 609 3494 diano
638 3459 731 3494 suo
763 3449 1061 3494 commercio
1093 3461 1198 3495 una
1229 3462 1348 3495 cum
1393 3462 1565 3497 rerum
1612 3461 1863 3495 novarum
1908 3447 2109 3494 nuntiis
2155 3447 2352 3494 animos

458 3520 705 3568 doctrinis
735 3522 891 3569 variis
922 3522 1166 3579 imbuunt
1197 3522 1248 3570 et
1278 3525 1426 3581 quasi
1457 3523 1687 3578 satiando
1718 3521 1949 3581 implent,
1983 3534 2183 3579 summa
2225 3532 2352 3577 cura
2408 3524 2411 3525 ’
