2488 4290
2014 296 2082 343 35

171 403 426 474 procedit,
470 406 632 468 atque
670 402 729 452 in
768 410 1053 455 aeternum
1101 407 1386 468 augustam
1425 401 1570 453 hanc
1610 401 1926 471 cathedram
1966 418 2066 453 suo

172 488 441 557 praesidio
493 492 720 554 tutatur,
763 503 888 540 eam
927 487 1077 542 illico
1115 488 1326 540 vivifica
1363 504 1425 539 ac
1462 486 1765 555 septiformi
1817 502 1915 537 sua
1954 487 2076 539 luce

172 575 459 642 fecundat,
521 579 589 637 et,
635 573 887 628 mirabile
929 576 1105 627 dictu!
1164 590 1226 626 ea
1264 573 1519 638 cogitatio
1560 570 1759 624 similis
1800 587 1968 636 grano
2007 573 2079 623 si-

173 659 344 727 napiS,
387 659 533 725 quod,
578 667 808 712 testante
846 660 1153 726 EvangeliO,
1209 648 1458 712 minimum
1510 659 1707 724 quidem
1744 664 1819 710 est
1859 659 2075 710 omnibus

173 746 449 810 seminibm,
493 760 641 811 quum
695 750 861 799 autem
911 747 1127 800 creverit
1182 747 1343 799 maius
1382 750 1458 798 est
1497 745 1713 797 omnibus
1751 744 1983 809 oleribzw,
2029 750 2077 796 eb

162 834 235 899 stt
273 830 458 891 arbom
493 833 573 884 ita
609 837 668 884 ut
703 834 931 886 volucres
967 834 1091 886 coeli
1127 833 1342 898 veniant,
1375 838 1426 885 et
1451 831 1675 885 habitent
1703 832 1755 884 in
1792 832 1951 883 ramis
1978 831 2083 883 eius

176 917 368 981 (Matth.
413 918 549 982 XlII,
597 918 711 990 32);
768 936 834 972 ea
871 921 1141 986 cogitatio,
1186 921 1432 986 inquam,
1475 919 1529 969 vi
1570 918 1948 970 efficacissima
1984 918 2084 969 Pa-

173 1003 363 1057 racleti
401 1004 584 1056 statim
624 1003 878 1072 erumpit,
925 1001 1121 1058 crescit
1157 1021 1220 1057 ac
1259 1006 1418 1058 citius
1469 1004 1612 1056 dicto
1674 1002 1737 1054 fit
1790 1004 1956 1068 gigas
2020 1006 2083 1055 Et

175 1104 297 1143 ecce
335 1105 435 1142 nos
472 1090 583 1142 iam
620 1091 678 1142 in
718 1105 894 1143 unum
923 1108 983 1144 ex
1011 1092 1280 1145 universis
1322 1097 1489 1143 terrae
1528 1090 1844 1156 regionibus
1882 1090 1938 1139 in
1979 1090 2084 1141 hac

171 1177 443 1230 immensa
498 1176 745 1240 Basilica,
793 1177 1077 1229 christiani
1133 1177 1344 1244 ingenii
1401 1174 1687 1240 miraculo,
1734 1176 2080 1244 congregati3

174 1277 299 1316 ecce
338 1277 438 1314 nos
477 1263 899 1331 ad·sepulcrum
938 1263 1214 1330 Principis
1259 1262 1661 1331 Apostolorum,
1708 1263 1856 1314 unde
1898 1262 2084 1314 adhuc

134 1371 137 1373 ·
174 1349 429 1417 perennis
480 1349 884 1416 episcopalium
934 1352 1202 1402 virtutum
1244 1365 1379 1402 aura
1415 1350 1584 1416 spirat
1621 1364 1683 1400 ac
1719 1349 1866 1412 viget
1881 1366 1895 1415 ;
1959 1364 2082 1401 ecce

174 1451 274 1487 nos
312 1436 381 1488 ad
419 1435 631 1500 LeoniS,
679 1437 968 1503 utriusque
1007 1434 1249 1503 Gregoiii
1290 1443 1343 1488 et
1392 1436 1767 1504 Chrysostomi
1821 1430 2076 1499 tumulos

179 1540 208 1575 e
244 1523 445 1588 quibus
481 1527 602 1590 post
638 1529 728 1575 tot
752 1523 1123 1575 saeculorum
1162 1523 1587 1575 diuturnitatem
1644 1523 1854 1574 diceres
1902 1522 2085 1574 adhuc

175 1625 363 1663 recens
421 1608 767 1679 eloquentiae
827 1611 1035 1663 flumen
1075 1625 1432 1693 prommpere
1472 1609 1774 1661 catholicae
1807 1596 2082 1661 Ecclesiae

176 1715 369 1766 agrum
407 1699 608 1751 iterum
644 1698 1022 1764 irrigaturum
1069 1698 1224 1758 Quod
1250 1713 1377 1750 vero
1419 1697 1591 1762 magis
1628 1712 1690 1749 ac
1729 1696 1902 1760 magis
1942 1694 2079 1747 sola-

178 1786 256 1838 tio
293 1801 410 1837 esse
447 1785 610 1838 dehet
646 1785 969 1851 animosque
1008 1784 1328 1851 percellere,
1373 1798 1497 1836 ecce
1537 1799 1636 1835 nos
1686 1798 1850 1850 penes
1907 1783 2082 1849 ipsam

175 1872 316 1924 Petri
354 1885 658 1939 personam,
702 1871 794 1938 qui
834 1871 893 1921 in
929 1870 1042 1924 suis
1080 1869 1344 1936 legitimis
1382 1869 1790 1923 Successoribus
1833 1883 2085 1936 praesens

178 2171 338 2218 Padre
367 2183 395 2217 e
426 2170 510 2217 dal
542 2169 712 2230 Figlio
742 2170 973 2228 procede,
1008 2181 1036 2216 e
1067 2167 1272 2215 difende
1302 2180 1389 2226 per
1411 2178 1610 2225 sempre
1642 2168 1770 2214 colla
1801 2180 1896 2213 sua
1927 2150 2091 2225 prote-

178 2244 321 2292 zione
350 2243 532 2303 questa
562 2243 804 2291 Gattedra
828 2242 1067 2311 ,augusta
1085 2278 1098 2301 ,
1131 2242 1196 2288 ad
1238 2254 1314 2287 un
1345 2241 1504 2287 tratto
1536 2242 1585 2287 10
1617 2242 1829 2287 feconda
1859 2242 1987 2286 colla
2018 2243 2092 2287 vi-

179 2319 331 2366 vifica
364 2331 392 2365 e
422 2317 706 2365 settiforme
737 2329 831 2364 sua
861 2318 1004 2364 luce:
1039 2329 1082 2375 e,
1117 2316 1409 2365 mirabilea
1441 2315 1573 2362 dire!
1620 2317 1736 2373 quel
1768 2316 1999 2372 pensiere
2030 2316 2092 2361 si-

179 2394 300 2440 mile
329 2394 377 2439 al
409 2393 647 2452 granello
679 2391 731 2439 di
762 2404 952 2451 senapa
971 2427 984 2451 ,
1018 2391 1060 2438 ic
1091 2390 1237 2454 quale
1258 2426 1270 2449 ,
1304 2403 1444 2437 come
1483 2388 1670 2437 attesta
1700 2390 1736 2435 il
1767 2385 2003 2448 Vangelo
2022 2426 2035 2448 ,
2069 2389 2092 2436 e*

181 2467 384 2515 minimo
402 2467 506 2528 sra
537 2466 662 2515 tutti
693 2467 714 2514 i
743 2466 892 2526 semi,
937 2476 1019 2513 ma
1041 2465 1129 2525 poi
1158 2464 1350 2527 quando
1393 2475 1552 2512 cresce
1583 2464 1629 2512 si
1663 2465 1734 2525 sa
1763 2464 2009 2523 maqqiow
2039 2465 2094 2510 di

179 2542 304 2590 tutti
329 2541 408 2602 ,qli
437 2540 653 2601 arbusti,
687 2553 711 2588 e
744 2541 942 2588 diventa
972 2540 1163 2596 alber0‚·
1192 2539 1426 2588 talmente
1456 2538 1539 2586 elce
1564 2539 1643 2599 qli
1667 2538 1848 2586 uccellz'
1873 2539 1954 2586 del
1973 2539 2094 2586 ciclo

179 2627 384 2676 venyono
415 2627 439 2663 e
458 2616 624 2677 fanno
655 2616 771 2664 nido
802 2615 990 2663 ne'suoi
1021 2615 1155 2663 rami
1168 2632 1186 2671 ‚·
1216 2616 1334 2673 quel
1366 2614 1595 2674 pensiere
1614 2650 1626 2674 ,
1659 2614 1707 2660 io
1739 2613 1851 2660 dico
1876 2650 1888 2673 ,
1922 2626 2011 2672 per
2045 2616 2095 2660 la

179 2685 533 2751 potentissima
563 2690 708 2738 virtu
738 2692 819 2738 del
852 2690 1101 2737 Paraclito
1131 2690 1263 2737 tosto
1295 2689 1338 2736 si
1369 2689 1591 2737 diffonde
1612 2725 1625 2749 ‚
1679 2701 1847 2736 cresce
1867 2725 1880 2749 ,
1925 2701 1969 2748 e,
2004 2689 2092 2747 piu

179 2764 351 2826 presto
382 2766 476 2814 che
507 2778 613 2812 non
644 2766 687 2812 si
720 2765 847 2824 dice,
881 2766 924 2812 si
956 2767 1007 2812 fa
1038 2765 1277 2825 gigante.
1314 2765 1387 2812 Ed
1418 2777 1551 2824 ecce,
1586 2765 1678 2812 che
1711 2763 1797 2810 noi
1834 2764 1994 2811 siamo
2027 2765 2092 2810 da

179 2840 316 2888 tutte
346 2841 393 2887 le
423 2839 559 2899 parti
590 2841 723 2888 della
752 2839 891 2888 terra
922 2840 1230 2901 'congregati
1263 2840 1317 2886 in
1350 2852 1456 2886 uno
1476 2875 1489 2898 ‚
1542 2840 1596 2885 in
1650 2838 1833 2899 questa
1878 2838 2094 2897 Basilica

179 2916 428 2963 immensa
447 2950 460 2974 ,
514 2915 751 2975 prodigio
803 2914 1033 2963 dell’arte
1083 2915 1343 2963 cristiana.
1379 2916 1555 2964 Eccoci
1587 2927 1758 2974 presso
1791 2916 1839 2961 al
1870 2916 2095 2973 sepolcro

181 2990 261 3038 del
295 2989 530 3048 Principe
560 2989 700 3048 degli
734 2989 979 3049 Apostoli,
1013 2991 1095 3037 dal
1117 2991 1268 3049 quale
1289 2989 1487 3038 tuttora
1517 2991 1685 3037 l’aura
1714 3003 1940 3049 perenne
1962 2991 2091 3036 delle

181 3061 323 3110 virtu
354 3063 623 3122 episcopali
653 3054 796 3122 spira
843 3064 904 3111 ed
957 3064 1041 3111 ha‘
1078 3064 1214 3123 vita3
1270 3064 1433 3112 eccoci
1485 3064 1642 3112 vicini
1695 3066 1794 3111 alle
1840 3063 2011 3111 tombe
2043 3064 2095 3110 di

182 3138 364 3196 Leone,
396 3138 623 3185 dell'uno
644 3150 672 3185 e
693 3137 945 3186 dell’altro
966 3138 1232 3199 GregoriO,
1266 3151 1294 3187 e
1315 3140 1394 3188 del
1418 3139 1743 3198 Grisost0m0,
1777 3139 1910 3186 dalle
1932 3139 2088 3197 quali,

183 3212 312 3271 dopo
342 3210 383 3259 si
416 3213 581 3272 lungo
613 3211 772 3260 tratto
804 3213 856 3259 di
889 3213 1056 3273 secoli,
1089 3213 1190 3272 pud
1223 3213 1348 3261 dirsi
1379 3214 1472 3262 che
1503 3226 1770 3272 prorompe
1801 3212 1998 3260 tuttora,
2020 3226 2093 3259 re-

184 3285 329 3333 cente
359 3285 395 3332 il
427 3287 584 3334 fiume
616 3287 749 3335 della
779 3288 1056 3348 eloquenza
1079 3323 1092 3347 ,
1147 3287 1409 3337 acciocche
1440 3288 1673 3335 continui
1705 3289 1769 3335 ad
1800 3288 2021 3347 irrigare
2054 3288 2089 3332 il

185 3372 362 3419 campo
382 3361 525 3408 vdella
555 3362 792 3408 cattolica
822 3361 1017 3409 Chiesa.
1053 3363 1153 3421 Ma,
1187 3362 1263 3410 cio
1285 3364 1379 3411 che
1400 3364 1527 3411 deve
1548 3363 1818 3423 apportare
1849 3362 2092 3421 maggior

185 3433 416 3481 conforto
447 3447 476 3482 e
506 3434 596 3493 pisi
627 3436 815 3496 colpire
847 3436 923 3495 gli
955 3436 1148 3496 animi,
1191 3438 1356 3484 eccoci
1388 3437 1621 3496 prossimi
1663 3438 1762 3483 alla
1793 3436 1952 3483 stessa
1983 3448 2091 3492 per-

185 3518 310 3555 sona
338 3508 389 3556 di
419 3510 582 3575 Pietro
600 3545 613 3569 ,
664 3511 701 3557 il
726 3531 729 3533 >
753 3512 901 3570 quale
933 3510 1129 3577 ne'suoi
1159 3511 1404 3570 legittimi
1435 3511 1710 3559 successori
1742 3510 1939 3558 tuttora
1970 3521 2078 3569 pre-
