2488 4290
343 286 428 332 100

340 400 344 402 ’
411 392 970 446 Animadvertendum
1024 394 1227 461 quippe
1284 398 1378 455 est,
1440 392 1587 458 quod
1624 391 1685 442 in
1721 390 1942 457 publica
1979 390 2232 445 Sessione

343 484 490 534 iuxta
544 481 770 531 Litteras
825 477 1167 544 apostolicas:
1234 478 1548 546 Multiplices
1604 480 1738 531 inter
1776 482 1864 532 dd.
1911 483 1975 533 27
2013 497 2233 534 novem-

340 569 451 622 bris
490 565 643 629 1869,
688 579 839 615 num.
879 563 1008 627 VIII,
1053 579 1160 629 quo
1202 566 1395 616 modus
1433 566 1763 630 procedendi
1802 567 1860 617 in
1898 566 2234 620 Sessi'onibns

341 652 573 723 publicis
611 650 1006 718 praescribitur,
1048 664 1161 700 non
1198 649 1359 701 liceat
1395 649 1554 702 aliter
1589 651 1911 716 suffragium
1950 651 2094 715 (101οζ
2128 653 2235 704 nisi

342 755 476 809 pure
504 743 556 790 et
579 735 898 802 simpliciter
922 751 1018 801 per
1042 736 1235 787 verba:
1268 734 1468 798 Placet,
1501 740 1626 789 aut·
1658 735 1774 789 Non
1787 738 1983 804 placet,
2025 735 2234 813 excluso

345 827 455 880 alio
493 823 684 890 quovis
722 822 904 873 modo,

415 907 536 962 Dies
550 915 735 960 autem
753 908 1030 975 proximae
1047 908 1492 973 congregationis
1509 909 1778 973 generalis
1793 914 1913 976 post
1930 910 2236 963 sessionem

343 996 616 1066 publicam
643 993 929 1045 habendae
955 992 1353 1057 significabitur
1383 994 1635 1073 Patribus
1673 1010 1769 1062 per
1805 995 2068 1049 Monitum
2093 997 2238 1063 typis
2263 1001 2271 1012 '

343 1087 664 1151 impressum
703 1096 815 1131 una
853 1094 977 1131 cum
1016 1084 1358 1146 argumentO,
1385 1062 1532 1146 quod
1557 1081 1616 1132 in
1645 1096 1707 1133 ea
1745 1082 2086 1135 tractandum
2105 1082 2230 1147 erit.

414 1171 450 1221 E
488 1167 789 1221 Secretaria
826 1163 1049 1217 Concilii
1086 1165 1347 1228 Vaticani,
1393 1166 1442 1217 d.
1489 1167 1553 1218 18
1593 1165 1780 1234 aprilis
1822 1168 1974 1227 187'0.

849 1281 1117 1345 IosEPHUS,
1161 1279 1443 1350 Episcopus
1480 1279 1534 1334 S.
1587 1281 1876 1350 Hyppoliti,
1920 1286 2164 1337 secretar.

401 1598 585 1646 Poiche
615 1597 642 1644 e
673 1598 738 1644 da
767 1596 962 1644 notarsi
993 1597 1085 1644 che
1115 1598 1250 1644 nella
1271 1597 1508 1655 pubbliea
1536 1597 1782 1658 Sessione‚
1808 1601 2022 1647 secondo
2053 1601 2100 1648 10
2122 1601 2239 1650 Let-

345 1675 453 1722 tere
483 1672 789 1732 apostoliche
819 1669 1126 1730 Multiplices
1146 1671 1295 1725 inter,
1329 1672 1446 1718 date
1476 1673 1513 1717 11
1542 1671 1602 1720 27
1621 1684 1740 1718 nov.
1768 1673 1899 1732 1869,
1931 1673 1991 1719 n⁰
2022 1675 2160 1735 VIII,
2178 1676 2242 1722 -in

346 1750 432 1797 cui
461 1748 761 1806 prescrivesi
783 1748 819 1791 11
840 1746 1215 1803 procedimento
1247 1747 1311 1792 da
1341 1745 1531 1793 tenersi
1553 1748 1683 1794 nelle
1705 1748 1980 1804 pubbliche
2002 1748 2240 1810 Sessmni,

348 1836 453 1870 non
485 1821 513 1869 e
544 1820 693 1868 lecito
727 1821 848 1867 dare
880 1819 1169 1876 altrimente
1198 1820 1234 1865 11
1267 1819 1400 1879 vote,
1432 1833 1485 1867 se
1515 1833 1619 1867 non
1655 1820 1958 1879 puramente
1989 1835 2016 1869 0
2045 1825 2244 1882 sempli-
2283 1851 2287 1854 ·

349 1895 579 1946 cemente
609 1908 699 1954 per
731 1896 778 1942 le
810 1895 1005 1953 parole:
1040 1894 1207 1941 Placet
1241 1907 1269 1940 0
1298 1895 1404 1944 Non
1438 1894 1623 1954 placet,
1666 1896 1860 1943 escluso
1899 1898 2243 1959 qualsivoglia

346 1972 476 2020 altro
507 1971 671 2018 modo.

406 2048 448 2093 Il
478 2047 663 2106 giorno
693 2045 778 2103 poi
808 2045 939 2092 della
970 2045 1219 2102 prossima
1250 2044 1674 2105 congregazione
1695 2000 1929 2105 901101οΙ0
1959 2048 2025 2094 (10
2056 2047 2244 2095 tenersi

347 2124 476 2180 dopo
494 2122 546 2167 la
568 2121 808 2179 pubblica
829 2119 1059 2167 Sessione
1083 2119 1233 2165 verra
1256 2120 1551 2179 significato
1572 2122 1622 2166 ai
1644 2121 1795 2168 Padri
1829 2134 1923 2168 con
1955 2135 2029 2168 un
2051 2110 2243 2170 Monito

348 2195 602 2254 stampato
633 2196 845 2244 insieme
876 2193 1298 2252 coll’argomento
1329 2195 1422 2241 che
1451 2196 1507 2241 in
1539 2206 1650 2242 essa
1679 2197 1723 2258 si
1754 2196 1881 2243 avra
1912 2197 1977 2243 da
2006 2196 2240 2245 trattare.

406 2271 550 2317 Dalla
581 2269 871 2328 Segreteria
904 2268 983 2314 del
1015 2267 1238 2314 Concilio
1269 2268 1537 2329 vaticam,
1570 2269 1606 2315 il
1640 2270 1696 2316 18
1725 2271 1885 2328 aprile
1918 2269 2050 2331 1870.
2110 2321 2115 2325 ‚
2211 2297 2214 2301 -

917 2372 1194 2431 GmSEPPE,
1236 2373 1430 2421 Vescovo
1461 2373 1515 2421 di
1546 2373 1595 2421 S.
1629 2374 1858 2434 Ippoliw,
1890 2364 2179 2434 secretario.
