2488 4290
2071 359 2131 407 67

234 475 440 534 mente,
480 467 631 534 quod
669 473 850 519 tamen
890 481 985 534 per
1021 466 1299 531 legitimos
1336 469 1711 532 procuratores
1749 466 1967 529 Synodo
2005 482 2133 532 pro-

231 555 358 607 bare
394 555 684 616 debebunt,
727 567 879 606 sacro
917 552 1050 604 huic
1087 548 1327 603 Concilio
1367 549 1596 602 omnino
1634 549 1848 614 adesse,
1897 558 1950 603 et
1989 553 2129 605 inte-

233 654 372 692 resse
413 645 715 691 teneantur.

302 726 362 777 In
402 737 522 777 eam
560 732 747 777 autem
804 741 957 792 spem
1015 723 1277 790 erigimus
1316 723 1466 785 sore,
1525 729 1588 773 ut
1644 723 1814 785 DeUS,
1875 724 1930 775 in
1984 726 2135 778 cuius

233 827 404 864 manu
439 817 570 864 sunt
606 811 903 863 hominum
944 810 1123 872 corda,
1167 809 1370 862 Nostris
1406 810 1547 861 votis
1590 810 1862 875 propitius
1888 825 2137 864 annuens

231 896 496 950 ineffabili
531 911 629 948 sua
665 897 1043 949 misericordia
1096 901 1148 947 et
1188 896 1361 960 gratia
1398 894 1627 958 efficiat,
1686 903 1749 947 ut
1806 912 1996 948 omnes
2050 914 2137 949 su-

234 982 409 1049 premi
447 982 701 1035 omnium
755 981 1088 1050 populorum
1142 982 1452 1048 PrincipeS,
1504 988 1557 1034 et
1593 982 1951 1034 Moderatores
1989 998 2138 1049 prae-

234 1069 423 1121 sertim
462 1067 715 1120 catholici
753 1068 999 1135 quotidie
1039 1068 1212 1133 magis
1250 1073 1533 1119 noscentes
1589 1068 1828 1118 maxima
1877 1069 2023 1120 bona
2078 1070 2134 1123 in

234 1155 535 1206 humanam
571 1156 883 1207 societatem
923 1170 982 1205 ex
1022 1153 1288 1205 catholica
1313 1153 1547 1206 Ecclesia
1584 1154 1911 1216 redundare,
1938 1155 2135 1222 ipsam-

236 1258 342 1309 que
403 1240 789 1293 firmissimum
846 1256 960 1292 esse
1014 1239 1403 1306 Imperiorum,
1466 1241 1889 1305 Regnorumque
1940 1241 2137 1292 funda-

235 1334 501 1390 mentum,
546 1343 658 1379 non
696 1325 876 1378 solum
915 1326 1146 1377 minime
1189 1325 1512 1392 impediant,
1557 1326 1857 1392 quominus
1907 1325 2140 1378 Venera-

234 1412 369 1467 biles
403 1413 608 1464 Fratres
647 1411 934 1464 Sacrorum
971 1411 1270 1473 AntistiteS,
1323 1410 1528 1477 aliique
1569 1426 1759 1463 omnes
1795 1427 1958 1478 supra
1996 1427 2141 1464 com-

235 1499 526 1551 memorati
564 1498 632 1549 ad
669 1498 776 1550 1100
813 1495 1116 1549 Concilium
1153 1497 1406 1560 veniant,
1470 1513 1662 1549 verum
1702 1498 1868 1549 etiam
1907 1498 2039 1564 ipsis
2075 1497 2140 1548 li-

234 1586 424 1637 benter
460 1586 691 1648 faveant,
737 1599 1009 1651 opemque
1048 1583 1243 1646 ferant,
1288 1578 1342 1635 et
1379 1584 1799 1648 studiosissime,
1860 1585 1943 1635 uti
1982 1584 2137 1636 decet

236 1669 534 1728 catholicos
570 1671 858 1738 PrincipeS,
903 1671 972 1722 iis
1013 1675 1404 1737 cooperentur,
1466 1684 1606 1736 quae
1644 1671 1700 1721 in
1742 1671 2008 1722 maiorem
2045 1670 2138 1722 Dei

237 1757 490 1822 gloriam,
536 1757 892 1825 eiusdemque
931 1755 1159 1808 Concilii
1197 1756 1407 1807 bonum
1447 1756 1639 1808 cedere
1677 1764 1896 1821 queant.

302 1843 368 1895 Ut
402 1859 530 1896 vero
567 1843 786 1897 Nostrae
824 1843 928 1894 hae
965 1844 1221 1905 Litterae,
1268 1848 1322 1894 et
1357 1857 1496 1908 quae
1554 1842 1611 1893 in
1661 1843 1741 1894 eis
1787 1844 2140 1894 continentur

233 1928 304 1981 ad
339 1929 595 1982 notitiam
652 1928 939 1991 omnium,
983 1942 1221 1994 quorum
1267 1932 1510 1994 oportet,
1578 1928 1936 1994 perveniant,
1999 1942 2134 1979 neve

233 2015 356 2086 quis
391 2012 615 2067 illorum
652 2013 995 2087 ignorantiae
1032 2013 1430 2066 excusationem
1457 2013 1795 2080 praetendat,
1829 2028 1958 2066 cum
1984 2027 2136 2080 prae-

235 2354 529 2416 pedimenti,
562 2353 655 2402 che
684 2352 804 2414 pero
835 2353 1100 2400 dovranno
1132 2365 1347 2413 provare
1378 2355 1425 2401 al
1457 2353 1644 2403 Sinodo
1673 2367 1763 2414 per
1794 2367 1960 2403 mezzo
1991 2356 2043 2403 di
2075 2357 2143 2403 le-

236 2430 442 2490 gittimo
471 2428 813 2489 procuratore,
846 2428 888 2474 si
918 2428 1210 2487 presentino
1241 2429 1303 2476 ed
1334 2429 1713 2489 intervengano
1733 2443 1765 2477 a
1786 2429 1964 2490 questo
1994 2442 2138 2479 sacro

237 2505 476 2554 Concilio,

295 2580 561 2635 Nutriamo
592 2580 676 2639 poi
706 2581 756 2626 la
786 2591 1031 2639 speranza
1062 2579 1155 2627 che
1187 2579 1297 2639 Dic,
1333 2580 1463 2628 nelle
1507 2580 1649 2627 mani
1680 2580 1759 2627 del
1790 2581 1939 2640 quale
1971 2593 2094 2628 sono
2120 2581 2138 2626 i

235 2656 375 2703 cuori
406 2655 544 2715 degli
589 2655 802 2714 uomini,
857 2654 1147 2702 esaudendo
1198 2654 1419 2714 propizio
1451 2655 1468 2700 i
1503 2655 1670 2702 Nostri
1703 2654 1807 2702 voti
1839 2668 1928 2715 per
1959 2656 2007 2702 la
2049 2668 2143 2703 sua

235 2728 488 2776 ineffabile
538 2728 878 2776 misericordia
907 2741 935 2775 0
964 2729 1108 2775 colla
1137 2740 1232 2775 sua
1263 2729 1457 2788 grazia,
1509 2728 1621 2775 fara
1651 2727 1693 2775 si
1724 2728 1817 2776 che
1850 2728 1973 2776 tutti
2012 2730 2030 2775 i
2060 2741 2143 2776 su-

234 2804 397 2863 premi
444 2802 667 2862 Principi
708 2816 735 2850 e
776 2802 1086 2862 governanti
1132 2802 1212 2850 dei
1264 2803 1449 2863 popoli,
1503 2802 1862 2862 specialmente
1894 2802 2131 2861 cattolici,

236 2878 362 2937 ogni
391 2876 442 2924 dl
471 2876 561 2935 piu
593 2877 905 2925 conoscendo
934 2877 951 2923 i
981 2877 1206 2924 massimi
1239 2877 1358 2925 beni
1388 2877 1483 2925 che
1515 2878 1648 2924 dalla
1686 2876 1866 2925 Chiesa
1898 2876 2133 2927 cattolica

237 2951 522 2999 ridondano
552 2951 869 2998 nell’umana
919 2951 1122 3011 sociata,
1155 2963 1183 2999 e
1230 2951 1323 2999 che
1353 2963 1463 2998 essa
1496 2951 1523 2999 e
1552 2952 1587 2998 il
1633 2950 1723 3011 piu
1763 2951 1941 3000 stabile
1972 2953 2145 3000 fonda-

236 3026 410 3074 mento
439 3024 579 3084 degli
608 3024 795 3083 Imperi
823 3038 851 3072 e
882 3025 961 3073 dei
992 3026 1178 3085 Regni,
1230 3038 1335 3073 non
1363 3025 1720 3085 impediranno
1766 3026 1860 3074 che
1890 3027 2146 3074 11700οΓ0-

237 3099 325 3147 bili
370 3098 575 3147 Fratelli
626 3099 838 3147 Vescovi
869 3112 897 3146 0
927 3098 1051 3147 tutti
1102 3099 1178 3159 gli
1229 3099 1344 3147 altri
1398 3099 1787 3159 sopraricordati
1841 3112 2083 3158 vengano
2114 3113 2145 3146 a

239 3174 416 3236 questo
467 3173 707 3233 ConciliO‚
755 3186 839 3235 ma
870 3174 985 3221 anzi
1035 3173 1303 3222 volentieri
1347 3174 1675 3222 favoriranno
1705 3188 1733 3223 e
1779 3176 2008 3222 daranno
2038 3176 2143 3223 loro

237 3248 378 3296 aiuto
409 3261 436 3296 e
466 3261 561 3296 con
595 3260 785 3296 sommo
818 3248 1081 3307 impegno,
1115 3260 1255 3296 come
1286 3248 1535 3296 conviene
1567 3249 1613 3295 a’
1650 3248 1872 3307 Principi
1903 3247 2142 3308 cattolici,

240 3335 646 3372 concorreranno
678 3335 772 3370 con
803 3323 908 3370 loro
942 3335 972 3368 a
1002 3321 1196 3382 quanto
1227 3322 1328 3382 puo
1361 3323 1569 3371 riuscire
1599 3323 1700 3370 alla
1730 3323 1998 3382 maggiore
2035 3324 2144 3381 glo-

237 3398 315 3445 ria
345 3398 396 3445 di
425 3397 518 3445 Dio
550 3398 612 3446 ed
643 3410 674 3444 a
704 3396 992 3457 vantaggio
1024 3397 1152 3445 dello
1184 3396 1342 3445 stesso
1374 3397 1614 3445 Concilio,

295 3471 529 3520 Affinche
558 3472 641 3531 poi
670 3471 846 3532 queste
874 3470 1053 3518 Nostre
1084 3470 1298 3531 Lettere,
1333 3485 1359 3518 e
1381 3472 1575 3532 quanto
1607 3472 1954 3531 contengono,
1987 3471 2141 3530 giun-

240 3556 379 3605 3000
409 3546 508 3595 alla
538 3557 844 3592 conoscenza
875 3544 925 3592 di
957 3543 1080 3592 tutti
1111 3545 1292 3604 colore,
1328 3545 1412 3593 cui
1441 3545 1623 3605 spetta‚
1660 3546 1726 3594 ne
1746 3547 1929 3593 alcuno
1962 3545 2013 3592 di
2044 3544 2141 3590 essi

240 3619 435 3673 adduca
464 3620 514 3666 la
542 3630 690 3671 sousa
719 3618 771 3666 di
820 3619 1099 3679 ignorans,
1131 3618 1316 3685 perche
1346 3619 1707 3685 specialmente
1752 3633 1784 3668 a
1812 3618 1936 3669 tutti
1968 3618 2138 3680 quelli,

2065 3782 2089 3803 0
