2488 4290
1952 291 2040 338 207

134 382 453 443 inerrantia,
499 388 659 447 atque
698 394 897 432 aurora
933 379 1149 432 isthaec
1187 379 1395 431 Christo
1449 381 1587 432 duce
1638 389 1798 446 atque
1849 382 2041 449 opifice

136 484 260 522 mox
299 468 357 518 in
395 465 576 519 lucem
616 465 898 531 solemque
935 471 1189 517 vertetur.

207 537 550 607 Gaudeamus
588 552 646 602 in
682 550 916 601 Domino
969 555 1023 602 et
1070 564 1171 603 nos
1227 551 1473 616 supremi
1531 553 1781 617 PastoriS‚
1846 556 2040 608 Christi

131 639 344 701 Vicarii,
389 652 516 690 oves
555 642 608 688 et
646 635 797 699 agni!
842 636 912 687 De
950 650 1061 702 qua
1088 635 1237 687 enim
1266 650 1324 687 re
1355 637 1534 701 agitur
1562 652 1688 690 cum
1714 640 1781 691 de
1812 641 2037 692 Romani

131 723 408 779 Pontificis
443 719 832 774 infallibilitate
871 721 1075 785 agitur?
1114 721 1229 773 Uno
1269 723 1431 775 verbo
1472 723 1675 789 dicam,
1719 725 1785 777 de
1823 741 2038 779 summa

134 811 305 864 totius
343 809 425 860 rei
464 806 825 860 Christianae.
868 806 942 858 Re
979 820 1111 857 sane
1150 822 1276 859 vera
1317 807 1610 861 Ecclesiam
1652 825 1763 862 esse
1790 811 2037 874 Regnum

131 912 163 949 a
198 896 318 949 Iesu
355 894 568 946 Christo
609 892 845 944 Domino
883 892 1076 945 Nostro
1117 893 1175 942 in
1223 894 1380 946 terrIs
1438 895 1733 947 fundatum
1788 895 2036 963 plenum,

131 979 527 1048 independens,
571 984 735 1045 atque
787 977 925 1029 adeo
984 978 1136 1029 omni
1190 979 1434 1046 perfecta
1489 981 1735 1034 humana
1788 984 2040 1036 societate

128 1058 434 1135 perfectius,
497 1065 816 1131 ecquisnam
872 1063 1270 1117 catholicorum
1310 1067 1413 1119 ibit
1466 1067 1715 1120 inficies?
1753 1068 1869 1120 Iam
1907 1084 2033 1123 vero

126 1152 595 1220 quemadmodum
633 1151 692 1202 in
732 1150 925 1203 ordine
964 1149 1301 1203 causalitatis
1356 1167 1641 1205 necessum
1682 1160 1759 1207 est
1797 1162 2035 1222 ponatur

131 1253 290 1291 causa
323 1253 463 1304 quae
503 1238 752 1304 producit
790 1242 844 1288 et
880 1251 993 1288 non
1054 1239 1421 1304 producatur;
1484 1240 1543 1289 in
1601 1241 1793 1293 ordine
1850 1243 2035 1308 cogni-

131 1325 346 1377 tionum
385 1323 539 1376 notio
577 1322 768 1389 aliqua
792 1337 930 1389 quae
962 1323 1192 1391 explicat
1220 1339 1248 1375 e
1280 1338 1393 1376 non
1422 1323 1712 1391 explicetur
1724 1341 1739 1392 ;
1796 1326 1854 1377 in
1884 1331 2038 1380 omni

128 1408 383 1463 aedificio
421 1399 846 1461 fundamentum
883 1409 1034 1474 quod
1071 1410 1304 1463 sustinet
1331 1417 1383 1462 et
1410 1425 1522 1464 non
1551 1412 1926 1480 sustineatur3
1958 1416 2034 1468 ita

127 1496 186 1547 in
224 1495 379 1548 omni
417 1493 658 1562 perfecta
694 1494 1095 1562 independenti
1146 1495 1400 1548 societate
1458 1503 1694 1565 potestas
1738 1501 2037 1566 requiritur

129 1582 264 1636 adeo
301 1595 570 1648 suprema,
625 1582 782 1632 utin
822 1581 1240 1647 gubernatione,
1303 1587 1363 1632 in
1422 1583 1916 1652 administratione,
1979 1588 2035 1638 in

127 1666 343 1734 legibus
400 1673 518 1719 tum
574 1667 809 1719 ferendis
866 1673 985 1717 tum
1059 1668 1501 1735 interpretandis,
1566 1670 1623 1719 in
1680 1671 1914 1734 iudiciis,
1977 1675 2035 1723 in

127 1755 340 1808 cunctis
400 1754 561 1807 rebus
622 1754 827 1822 praesit
889 1754 1176 1818 omnibUS‚
1250 1761 1303 1806 et
1363 1756 1540 1808 subsit
1603 1758 1834 1809 nemini.
1903 1760 2036 1812 Cum

125 1841 308 1907 itaque
367 1855 629 1908 suprema
687 1840 900 1893 isthaec
964 1847 1201 1908 potestas
1257 1843 1315 1891 in
1375 1840 1608 1894 Ecclesia
1670 1844 1772 1896 sub
1831 1845 2035 1898 Prima-

128 1933 213 1979 tus
262 1926 490 1979 nomine
551 1927 748 1991 veniat,
818 1927 913 1993 qui
977 1927 1223 1979 Romano
1287 1927 1536 1980 Pontifici
1605 1936 1915 1996 competere
1978 1946 2038 1982 ex

127 2011 414 2065 catholicis
452 2012 686 2065 dubium
725 2013 956 2076 nemini,
1001 2013 1248 2079 sequitur
1286 2014 1434 2079 quod
1473 2014 1747 2067 Romanus
1786 2016 2034 2068 Pontifex

126 2099 185 2151 in
220 2097 456 2151 Ecclesia
494 2098 795 2150 Primatum
833 2111 1026 2162 gerens
1081 2099 1141 2148 in
1193 2100 1450 2152 omnibus
1506 2101 1776 2166 gubernet
1823 2108 1877 2154 et
1924 2117 2036 2154 non

126 2176 478 2252 gubernetur]
518 2183 727 2236 iudicet
765 2192 818 2238 et
854 2199 968 2236 non
1007 2185 1305 2251 iudicetur,
1348 2187 1531 2238 mittat
1587 2188 1682 2239 sed
1738 2202 1851 2240 non
1908 2189 2032 2240 mit-

130 2276 300 2337 tatur;
347 2271 734 2323 tantummodo
776 2286 904 2337 ergo
944 2271 1145 2324 carebit
1182 2271 1421 2338 primatu
1458 2274 1515 2323 in
1540 2273 1747 2341 *ordine
1785 2274 1853 2325 ad
1899 2275 2037 2326 veri-

131 2361 294 2407 tatem
332 2355 409 2407 ita
447 2361 508 2407 ut
544 2370 657 2408 non
698 2356 891 2409 doceat
930 2357 1026 2409 sed
1071 2354 1369 2409 doceatur?
1426 2356 1521 2410 Vel
1578 2372 1707 2422 ergo
1763 2359 2034 2411 Primatus

125 2441 181 2492 h:
226 2455 271 2494 e.
314 2457 574 2510 suprema
611 2448 846 2510 potestas
884 2443 943 2493 in
982 2441 1216 2495 Ecclesia
1253 2457 1366 2495 non
1404 2450 1498 2510 est,
1541 2444 1788 2511 adeoque
1814 2459 1928 2497 non
1956 2454 2035 2499 est

125 2527 364 2594 perfecta
401 2529 654 2593 societas,
698 2529 787 2582 vel
826 2529 923 2596 qui
964 2529 1271 2581 Primatum
1298 2530 1438 2594 gerit
1462 2530 1742 2583 Romanus
1780 2532 2029 2585 Pontifex

127 2620 207 2666 est
243 2612 552 2668 infallibilis
564 2629 583 2684 3
628 2616 899 2682 primatus
938 2617 1089 2667 enim
1130 2615 1190 2666 in
1229 2617 1424 2668 ordine
1462 2617 1529 2668 ad
1568 2618 1861 2670 veritatem
1888 2618 2033 2670 nihil

125 2704 204 2751 est
237 2715 406 2766 quam
447 2700 766 2754 inerrantia.

193 2786 435 2839 Rursum
471 2787 532 2838 in
571 2788 729 2840 omni
766 2787 1016 2840 humana
1052 2787 1283 2855 perfecta
1320 2788 1576 2841 societate
1616 2790 1885 2843 Primatus
1922 2792 2024 2844 iste

123 2873 184 2924 in
222 2871 416 2925 ordine
454 2873 525 2925 ad
562 2873 851 2925 veritatem
909 2873 963 2924 h.
1024 2888 1067 2924 e.
1131 2867 1429 2926 inerrantia
1484 2872 1674 2928 saltem
1735 2877 2031 2930 extrinsece

124 2958 523 3026 praesumitur;
569 2975 631 3012 ex
667 2974 776 3025 quo
817 2958 967 3010 enim
1007 2974 1262 3025 suprema
1307 2966 1543 3028 potestas
1599 2969 1780 3029 posset
1840 2963 1897 3013 in
1954 2979 2032 3016 er-

125 3043 263 3097 roris
300 3041 384 3096 vel
423 3044 731 3098 iniustitiae
770 3044 1140 3112 suspicionem
1179 3047 1378 3110 venire,
1425 3061 1590 3099 omne
1640 3048 1728 3099 ius
1784 3049 1851 3101 ad
1909 3050 2033 3102 obe-

125 3127 396 3181 dientiam
432 3130 777 3183 subditorum
829 3131 1119 3195 amitteret,
1185 3146 1310 3182 cum
1365 3147 1530 3185 nemo
1587 3135 1787 3186 erranti
1844 3149 2030 3201 parere

127 3218 376 3266 teneatur
386 3228 405 3283 ;
449 3220 504 3267 at
539 3215 599 3266 in
636 3215 864 3269 Ecclesia
902 3217 1159 3270 societate
1198 3217 1469 3283 spirituali
1507 3220 1777 3273 Primatus
1813 3221 1916 3272 iste
1954 3227 2031 3271 est

125 3313 341 3365 prorsus
377 3299 811 3353 fundamentalis
862 3302 1208 3355 intrinsecus,
1266 3304 1529 3369 Equidem
1579 3304 1884 3358 intellectus
1934 3305 2031 3357 ho-

125 3384 291 3436 minis
328 3386 610 3439 veritatem
647 3388 754 3451 siti,
801 3388 1045 3454 adeoque
1084 3389 1165 3440 nil
1205 3402 1449 3455 unquam
1485 3406 1611 3443 vere
1651 3392 1868 3459 spiritui
1920 3391 2023 3441 im-

124 3476 278 3549 perat
313 3472 420 3526 nisi
458 3475 688 3539 veritas:
728 3489 854 3527 cum
892 3487 1018 3540 ergo
1059 3475 1358 3539 inerrantia
1393 3478 1509 3529 sive
1545 3477 1910 3530 infallibilitas
1949 3477 2023 3531 sit
