2488 4290
2067 248 2149 294 133

247 347 522 418 v'olumus',
569 363 621 408 et
659 347 725 407 ab
765 355 1027 407 omnibus
1066 354 1134 406 ad
1173 361 1315 420 quos
1354 354 1596 420 pertinet
1635 351 1931 418 diligenter
1968 356 2150 406 obser-

245 444 379 510 vari;
423 443 571 495 nihil
610 443 758 495 enim
799 457 864 494 ea
902 442 1275 508 opportunius
1315 446 1395 492 est
1421 440 1488 490 ad
1516 439 1940 491 ecclesiasticam
1980 439 2149 493 liber-

248 534 412 582 tatem
437 530 715 591 tuendam,
744 529 812 580 ad
839 543 1122 580 sacrorum
1150 527 1473 579 Antistitum
1502 527 1626 578 iura
1653 526 2146 593 auctoritatemque

244 616 646 681 vindicandam,
690 623 743 667 et
780 616 847 666 ad
886 614 1213 666 catholicam
1270 612 1591 678 religionem
1650 618 1811 678 atque
1872 613 2145 663 unitatem

245 698 420 767 magis
459 703 741 768 magisque
782 701 1231 754 conservandam.

224 797 232 807 ’
315 786 417 846 Qui
457 793 637 852 autem
677 786 814 839 haec
851 786 1185 853 apostolicae
1225 785 1378 837 Sedis
1415 786 1541 837 iura
1580 792 1633 837 et
1667 784 1848 837 officia
1872 782 1957 837 vel
1984 787 2147 837 abne·

243 878 375 937 gant
410 872 496 924 vel
533 873 690 939 parvi
729 871 994 939 pendunt,
1038 886 1150 937 qua
1189 871 1414 922 demum
1472 871 1722 934 ratione,
1767 886 1876 937 quo
1916 872 2138 934 anim0‚

243 972 402 1010 suam
441 972 567 1023 erga
604 956 762 1010 illam
802 957 1165 1009 reverentiam
1205 963 1257 1009 et
1295 957 1671 1010 obedientiam
1728 957 1975 1023 profiteri
2027 973 2147 1024 pos-

241 1041 411 1098 sunt?
448 1045 559 1096 Hoc
596 1044 875 1110 siquidem
914 1043 1249 1110 praeseferre
1288 1043 1622 1096 videbantur
1685 1051 2145 1096 commemoratae

241 1127 643 1183 nonnullorum
703 1129 1094 1182 Armeniorum
1169 1129 1632 1196 expostulationes
1660 1173 1671 1192 ,
1739 1130 1942 1196 quibus
2004 1129 2146 1181 illud

242 1217 408 1269 etiam
449 1217 744 1283 petebatur,
791 1222 854 1267 ut
891 1216 1059 1268 salvis
1098 1230 1293 1268 eorum
1331 1215 1554 1282 ritibuS,
1585 1214 1822 1281 Delegati
1862 1216 2146 1284 apostolici

239 1302 613 1355 iurisdictioni
651 1301 813 1370 plane
850 1303 1261 1355 subiicerentur
1300 1303 1561 1365 Armenii,
1598 1302 1778 1354 donec
1805 1303 1936 1354 Ven.
1965 1303 2149 1355 Frater

241 1390 507 1450 Antonius
531 1390 722 1442 Petrus
759 1388 826 1440 IX
864 1389 922 1439 in
962 1389 1142 1441 officio
1181 1389 1526 1461 Patriarchae
1553 1396 1813 1443 maneret.
1847 1389 2001 1449 Quod
2025 1390 2147 1455 qui-

240 1475 367 1528 dem
404 1473 562 1528 nullo
602 1491 828 1543 prorsus
867 1475 1034 1526 modo
1075 1474 1483 1541 indulgendum
1511 1467 1848 1539 censuimus,
1885 1477 2055 1527 etiam
2083 1491 2145 1527 ex

239 1577 303 1614 eo
340 1562 487 1628 quod
526 1563 898 1628 excogitatum
938 1561 1227 1613 manifeste
1266 1562 1438 1614 fuerit
1476 1562 1542 1613 ad
1582 1561 1966 1614 declinandam
2013 1560 2147 1626 legi-

238 1649 437 1700 timam
477 1649 727 1701 eiusdem
767 1649 1168 1700 auctoritatem.

307 1735 530 1787 Gravius
586 1740 770 1787 autem
828 1740 955 1796 est,
1008 1733 1346 1802 Apostolicae
1402 1734 1555 1787 Sedis
1612 1738 1952 1796 auctoritate,
1990 1735 2142 1787 abuti

144 1832 149 1836 ’
236 1819 303 1873 ad
342 1820 713 1886 effugiendam
751 1820 1130 1873 Praelatorum
1169 1822 1580 1873 correctionem.
1646 1821 1890 1888 Namque
1927 1828 2142 1875 sacrum

241 1915 317 1960 est
356 1914 408 1961 et
446 1908 599 1960 omni
637 1913 807 1959 aetate
845 1915 1140 1974 servatum,
1182 1910 1355 1974 atque
1384 1910 1444 1959 in
1483 1909 1692 1961 honore
1743 1909 1992 1960 habitum
2056 1910 2143 1960 ius

240 1993 616 2062 appellationis
654 1994 721 2045 ad
759 1995 1065 2046 Romanum
1105 1992 1444 2058 Pontificem,
1478 1995 1565 2046 cui
1594 1996 1860 2047 divinitus
1886 2010 2142 2048 concessa

241 2072 472 2146 potestas
514 2081 656 2147 inest
692 2079 1066 2146 quorumlibet
1100 2080 1350 2134 Iudicum
1407 2079 1572 2146 ligata
1620 2082 1902 2134 sententiis
1950 2081 2141 2134 dissol-

239 2167 415 2218 vendi.
463 2165 666 2219 Verum
706 2166 939 2217 minime
978 2165 1266 2218 ferendum
1307 2174 1386 2219 est
1421 2168 1509 2219 ius
1547 2166 1688 2219 illud
1726 2173 2056 2235 praetexere
2090 2175 2142 2219 et

240 2265 302 2305 eo
341 2254 492 2305 abuti
531 2253 600 2305 ad
637 2253 1044 2305 inobedientiae
1082 2254 1470 2320 patrocinium,
1536 2270 1660 2307 cum
1700 2253 1903 2306 scilicet
1937 2254 2139 2306 subditi

241 2356 304 2393 eo
344 2338 569 2392 consilio
607 2341 666 2390 in
703 2354 893 2391 vocem
933 2337 1320 2406 appellationis
1372 2347 1562 2393 contra
1602 2340 2018 2393 ecclesiasticam
2058 2341 2140 2392 di—

238 2426 528 2493 sciplinam
567 2441 852 2494 perperam
893 2432 1203 2493 erumpunt.
1250 2426 1573 2479 Remedium
1612 2428 1761 2478 enirn
1824 2425 2140 2494 appellatio-

238 2514 342 2580 nis,
384 2514 465 2564 uti
503 2513 720 2566 monuit
756 2512 1055 2565 Alexander
1094 2512 1160 2562 III
1199 2514 1587 2567 Praedecessor
1624 2514 1824 2577 Noster,
1871 2527 1983 2565 non
2015 2512 2139 2564 ideo

237 2601 524 2652 inventum
582 2606 662 2652 est
710 2605 771 2650 ut
825 2599 993 2651 alicui
1048 2614 1079 2650 a
1134 2599 1422 2664 religionis
1461 2608 1515 2652 et
1553 2601 1760 2652 ordinis
1800 2598 2139 2653 observantia

239 2687 558 2740 exorbitanti
597 2687 791 2738 debeat
827 2687 886 2737 in
925 2702 1024 2738 sua
1061 2686 1306 2752 nequitia
1344 2687 1710 2753 patrocinium
1753 2686 2016 2740 exhibere.
2069 2688 2138 2736 Ac

237 2779 432 2826 notum
471 2779 551 2825 est
587 2773 857 2825 universis
896 2770 1285 2840 appellationes
1323 2774 1382 2824 in
1422 2775 1650 2827 materia
1689 2773 2060 2826 correctionis
2085 2777 2137 2822 et

239 2873 456 2912 morum
494 2859 552 2909 in
591 2857 899 2911 devolutivo
943 2863 1169 2923 tantum,
1215 2860 1298 2911 uti
1338 2861 1516 2926 aiunt,
1557 2860 1847 2913 servandas
1873 2875 2003 2912 esse.
2037 2858 2136 2917 Qui

238 2960 393 2998 secus
431 2959 591 3011 agere
631 2945 1098 3012 praesumpserint
1135 2960 1248 2997 non
1277 2951 1386 2998 tam
1415 2947 1771 3013 obsequentes
1804 2945 2137 3013 Apostolicae

238 3028 389 3082 Sedis
427 3026 548 3096 filii,
587 3045 753 3098 quam
793 3030 1146 3083 ecclesiastici
1187 3030 1404 3084 Ordinis
1444 3033 1843 3099 perturbatores
1870 3047 1984 3084 esse
2012 3046 2136 3083 con—

236 3117 547 3169 vincuntur.
2090 3114 2098 3137 ⁷

307 3204 372 3254 Ut
409 3204 539 3255 ordo
578 3203 676 3256 iste
715 3210 975 3268 servetur,
1021 3219 1082 3256 ex
1119 3204 1271 3258 cuius
1315 3205 1713 3274 tranquillitate
1753 3221 1852 3274 pax
1890 3205 2127 3271 exurgit,

237 3301 452 3343 necesse
492 3295 570 3342 est
609 3298 670 3342 ut
710 3292 1081 3357 unusquisque
1119 3306 1335 3347 memor
1372 3293 1704 3346 conditionis
1740 3308 1868 3346 suae
1908 3291 2136 3355 diligen-

238 3376 447 3428 tissime
486 3383 688 3442 caveat,
715 3392 797 3441 „ne
837 3376 974 3430 fines
1012 3375 1388 3432 ecclesiasticis
1450 3378 1663 3445 legibus
1701 3380 1807 3431 sibi
1844 3378 2134 3444 praestitu-

237 3468 317 3515 tos
357 3463 795 3529 transgrediatur⁴
839 3465 1012 3526 Quare
1050 3466 1356 3520 sacerdotes
1383 3473 1596 3533 oportet
1630 3482 1661 3518 a
1698 3459 1997 3518 mundanis
2037 3478 2132 3515 cu-
