2488 4290
415 349 503 396 318

414 456 471 505 in
511 453 909 508 sollicitudinis
946 455 1166 507 Nostrae
1204 459 1416 522 partem
1442 453 1635 516 vocati,
1683 454 1741 504 in
1781 453 1885 505 hac
1918 459 2073 506 ¹tanta
2113 460 2319 524 tempo·

415 556 539 592 rum
577 541 864 607 asperitate
903 547 1126 592 strenue
1167 539 1490 590 dimicantes
1547 554 1645 605 pro
1684 539 1854 590 Domo
1903 539 2065 591 Israel
2102 557 2319 610 summo

419 627 584 678 Nobis
623 625 818 677 solatio
860 632 912 677 et
937 625 1302 677 consolationi
1330 624 1469 676 estis,
1518 624 1739 675 Utinam
1775 625 1934 686 vero,⁸
1965 626 2099 676 dum
2126 626 2324 679 huius·

417 708 567 763 modi
606 711 999 778 perfundimur
1039 711 1239 776 gaudio
1264 752 1276 772 ‚
1337 708 1491 760 nulla
1528 708 2123 779 moerorisvluctusque
2162 727 2324 768 causa

414 800 517 851 Nos
554 796 777 848 aliunde
815 796 1174 848 contristaret.
1221 795 1336 846 Non
1376 810 1664 860 possumus
1704 795 1851 846 enim
1892 810 2004 845 non
2030 795 2323 850 vehemen-
2390 795 2395 797 ’
2433 851 2435 855 f

421 889 501 934 ter
538 881 719 933 dolere
760 887 814 932 et
851 881 995 944 angi,
1041 895 1168 932 cum
1207 880 1493 931 videamus
1534 880 1842 932 tristissima
1867 919 1883 945 ,
1949 887 2003 933 et
2038 897 2323 948 nunquam
2390 930 2394 934 .
2464 876 2469 879 ’

414 968 546 1020 satis
587 966 918 1032 deploranda
956 965 1103 1016 mala
1141 980 1203 1016 ac
1241 964 1456 1028 damna,
1501 965 1699 1030 quibus
1726 981 1852 1016 cum
1879 981 2177 1033 permagno
2206 970 2325 1020 ani-

414 1068 633 1104 marum
673 1052 1007 1103 detrimento
1048 1051 1319 1102 catholica
1354 1066 1503 1103 nunc
1540 1051 1815 1114 Ecclesia,
1881 1057 1934 1103 et
1989 1054 2109 1119 ipsa
2149 1054 2325 1106 civilis

415 1140 638 1191 societas
678 1138 1062 1189 miserandum
1089 1138 1146 1188 in
1187 1138 1417 1189 modum
1444 1137 1718 1204 premitur
1756 1154 1817 1189 ac
1841 1138 2136 1210 divexatur.
2182 1140 2330 1207 Opti-

415 1239 504 1275 me
543 1225 689 1275 enim
731 1223 974 1286 noscitiS,
1018 1221 1367 1275 Venerabiles
1400 1223 1628 1289 Fratres,
1673 1224 2016 1275 teterrimum
2045 1239 2173 1276 sane
2210 1226 2326 1277 bel-

413 1309 532 1360 lum
570 1315 759 1362 contra
798 1325 915 1362 rem
974 1307 1305 1361 catholicam
1371 1309 1685 1361 universam
1747 1311 1813 1362 ab
1875 1310 1943 1362 iis
2003 1310 2324 1364 hominibus

418 1397 717 1447 conflatum
741 1438 754 1460 ‚
820 1396 918 1461 qui
955 1395 1170 1446 inimici
1219 1396 1406 1449 Crucis
1445 1395 1639 1447 Christi
1678 1411 1866 1447 sanam
1906 1412 2017 1448 non
2060 1398 2328 1450 sustinen-

416 1488 494 1538 tes
533 1482 874 1547 doctrinam,
917 1497 979 1533 ac
1018 1482 1230 1533 nefaria
1267 1483 1413 1533 inter
1451 1498 1508 1533 se
1545 1482 1801 1533 societate
1842 1483 2127 1547 coniuncti
2164 1500 2330 1550 quae-

416 1583 654 1634 cumque
692 1569 976 1633 ignorant,
1045 1567 1459 1633 blasphemant,
1504 1583 1564 1619 ac
1601 1568 1776 1634 pravis
1815 1569 2078 1635 cuiusque
2115 1573 2328 1635 generis

415 1658 624 1710 artibus
663 1653 1039 1706 sanctissimae
1079 1660 1297 1705 nostrae
1336 1653 1636 1725 Religionis
1664 1661 1717 1706 et
1743 1654 2020 1707 humanae
2059 1654 2333 1711 societatis

414 1744 776 1797 fundamenta
815 1740 1138 1792 labefactare
1162 1783 1174 1803 ‚
1219 1741 1417 1804 imm0‚
1462 1742 1507 1791 si
1547 1739 1665 1792 fieri
1707 1756 1950 1807 unquam
1991 1748 2188 1808 posset,
2233 1759 2326 1811 pe-

415 1831 566 1881 nitus
605 1832 864 1892 evertere,
909 1827 1273 1892 omniumque
1311 1820 1527 1878 animos
1572 1833 1898 1892 mentesque
1940 1828 2329 1894 perniciosissi4

416 1916 519 1966 mis
556 1914 862 1980 quibusque
903 1911 1182 1964 erroribus
1207 1912 1479 1977 imbuere,
1523 1926 1871 1978 corrumpere
1911 1917 1963 1962 et
2000 1929 2032 1964 a
2057 1912 2330 1967 catholica

415 1998 699 2063 Religione
739 1995 975 2063 avellere
1002 1996 1328 2049 moliuntur.
1375 1997 1653 2050 Nimirum
1680 1994 2023 2050 callidissimi
2060 1997 2153 2049 isti
2174 1998 2325 2052 frau-

416 2229 592 2277 nostra
622 2226 989 2286 sollecitudine,
1023 2226 1380 2274 combattendo
1410 2225 1792 2274 strenuamente
1824 2227 1879 2273 in
1910 2227 2058 2274 tanta
2086 2211 2326 2287 asprezza

418 2305 468 2351 di
498 2303 657 2361 tempi
687 2315 776 2361 per
807 2303 858 2347 la
888 2313 1004 2348 casa
1036 2302 1313 2358 d’IsraeHO,
1357 2300 1415 2347 Ci
1446 2301 1570 2348 siete
1612 2301 1663 2347 di
1708 2301 2063 2361 grandissimo*
2097 2302 2322 2350 conforto
2379 2354 2386 2364 ,

416 2390 443 2424 6
474 2377 838 2424 consolazione.
875 2377 912 2421 E
943 2376 1165 2434 piacesse
1197 2388 1227 2420 a
1259 2375 1352 2422 Dio
1395 2375 1504 2434 che,
1550 2375 1748 2423 mentre
1792 2375 1954 2423 siamo
1989 2376 2224 2424 inondati
2262 2377 2327 2424 da

419 2465 494 2499 un
526 2449 629 2498 cosi
666 2450 794 2497 fatto
837 2450 1047 2509 gaudio,
1092 2449 1256 2495 niuna
1299 2449 1516 2507 cagione
1548 2450 1599 2495 di
1629 2449 1760 2497 lutto
1792 2463 1819 2496 e
1851 2450 1902 2496 di
1933 2449 2166 2498 tristezza
2207 2450 2331 2497 d’al-

416 2526 599 2573 tronde
630 2538 735 2571 non
768 2525 825 2571 Oi
858 2524 1178 2583 affliggesse!
1214 2523 1540 2582 Imperocche
1578 2537 1684 2571 non
1728 2524 1978 2583 possiamo
2009 2537 2113 2571 non
2146 2524 2331 2572 dolerci

417 2599 691 2647 altamente
721 2613 749 2646 e
779 2599 1176 2657 rammaricarci‚
1211 2598 1439 2645 vedendo
1472 2598 1489 2643 i
1520 2599 1641 2645 mali
1673 2611 1701 2645 e
1730 2599 1946 2664 idanni
1989 2597 2265 2646 tristissimi
2296 2611 2324 2646 6

417 2687 526 2722 non.
553 2673 655 2720 mai
686 2673 998 2720 abbastanza
1019 2672 1332 2732 deplorabili,
1357 2672 1439 2719 dai
1463 2672 1620 2732 quali,
1646 2685 1741 2719 con
1763 2672 2001 2719 massimo
2023 2672 2326 2720 detrimento

417 2750 544 2796 delle
575 2748 761 2806 anime,
793 2748 844 2793 la
876 2747 1057 2794 Ghiesa
1089 2747 1327 2795 cattoh'ca
1359 2760 1455 2794 con
1487 2747 1539 2792 la
1569 2745 1729 2794 stessa
1760 2746 1907 2794 civile
1945 2746 2147 2811 societaN
2174 2746 2201 2794 6
2242 2759 2330 2807 ora

415 2824 472 2869 in
504 2823 652 2869 modo
685 2818 973 2868 miserando
996 2833 1233 2881 oppressa
1256 2835 1283 2868 e
1307 2821 1522 2868 vessata.
1548 2820 1912 2868 Ottimamente
1933 2820 2027 2869 Voi
2049 2821 2328 2881 conoscete,

416 2896 706 2944 Venerabili
739 2896 960 2955 Fratelli‚
1010 2897 1179 2955 quella
1225 2895 1661 2943 truculentissima
1702 2908 1910 2955 guerra,
1950 2895 2114 2943 ordita
2153 2894 2342 2959 contro*

415 2971 696 3018 l’universo
729 2970 907 3017 ordine
939 2970 1171 3017 cattolico
1204 2971 1268 3016 da
1299 2970 1477 3029 quegli
1510 2970 1723 3029 uomini,
1757 2970 1773 3015 i
1806 2970 1945 3030 quali
1986 2970 2196 3018 essendo
2239 2978 2339 3017 ne-‘

416 3046 536 3094 mici
569 3045 699 3092 della
729 3045 883 3092 Croce
916 3045 965 3090 di
997 3044 1176 3103 Orist0‚
1211 3057 1238 3092 e
1268 3056 1373 3091 non
1406 3045 1687 3092 sofferendo
1717 3047 1768 3090 la
1797 3056 1923 3091 sana
1944 3044 2184 3104 dottrina,
2211 3034 2338 3093 con?
2397 3083 2403 3086 .

417 3119 592 3180 giunti
621 3119 702 3165 fra
730 3119 836 3164 loro
866 3118 920 3164 in
954 3119 1073 3176 lega
1105 3118 1345 3177 nefanda,
1379 3118 1746 3166 bestemmiano
1778 3118 1855 3165 cio
1877 3119 1969 3166 che
1999 3119 2272 3178 ignotam,
2299 3109 2344 3166 6’

420 3206 515 3240 eon
548 3204 706 3251 prave
736 3191 835 3238 arti
867 3192 918 3237 di
952 3192 1079 3249 ogni
1111 3204 1302 3250 genere
1334 3193 1597 3250 cospirano
1628 3206 1718 3251 per
1749 3192 2030 3240 rovesciare
2066 3194 2113 3239 le
2155 3193 2328 3241 fonda-

415 3266 592 3315 menta
623 3266 751 3313 della
782 3265 957 3312 nostra
990 3266 1282 3314 santissima
1314 3267 1580 3326 Religione
1601 3280 1629 3315 e
1650 3267 1960 3321 dell’umana
1981 3266 2186 3326 sociata,
2209 3268 2324 3314 anzi
2394 3297 2403 3302 ‚

415 3354 470 3388 se
498 3342 626 3388 fosse
656 3339 759 3386 mai
786 3340 1037 3399 possibile,
1071 3353 1159 3399 per
1191 3340 1421 3388 metterle
1453 3341 1533 3388 del
1563 3340 1698 3388 tutto
1733 3341 1791 3386 in
1834 3341 2137 3401 soqquadro‚
2172 3353 2200 3389 e
2227 3348 2319 3400 'per

417 3414 731 3462 imbeverare
763 3414 838 3472 gli
870 3413 1029 3459 animi
1061 3428 1088 3461 e
1118 3415 1165 3462 16
1195 3414 1356 3461 menti
1389 3414 1439 3460 di
1472 3415 1809 3463 ciascheduno
1843 3414 2054 3462 d'errori
2075 3414 2327 3474 pernicio*

418 3487 619 3547 sissimi,
652 3500 742 3546 per
772 3487 1095 3545 corromperli
1127 3499 1155 3533 e
1187 3499 1276 3545 per
1306 3486 1598 3546 istrapparli
1630 3487 1764 3534 dalla
1795 3487 2029 3535 cattolica
2050 3487 2314 3545 religiono.

477 3561 552 3609 Ed
581 3560 810 3622 appunto
840 3561 1008 3622 questi
1047 3560 1346 3609 astutissimi
1392 3561 1584 3625 artefiei
1615 3562 1667 3608 di
1696 3561 1829 3621 frodi
1859 3575 1886 3610 e
1916 3560 2242 3615 fabbricatori
2272 3559 2334 3618 di·

2481 1606 2488 1622 -
2475 1413 2488 1596 m-efi--ss-
2483 1401 2488 1406 .
2475 1320 2477 1325 ⁴
2476 1215 2479 1219 ¹
2470 1155 2476 1168 ¹⁴
2472 1118 2480 1134 θ

2459 2666 2488 3339 'hat'uavmmssaffldnAauQae-.-m13.„..⁸..*..-..
2478 2608 2488 2655 ..-.
2479 2583 2488 2594 ι
2469 2407 2488 2528 ⁴..-'.....-
2482 2383 2488 2388 .
2481 2315 2488 2355 ..,.
2483 2247 2488 2266 .,
2485 2203 2488 2229 ..
2476 2144 2488 2163 z„
2475 2083 2488 2092 Α
2484 2059 2488 2062 .
2486 2019 2488 2031 ..
2480 1987 2488 1993 1
2472 1902 2488 1967 ,ΗΑΙ

2481 3937 2488 3952 -
2443 3845 2488 3903 imm!
2443 3819 2488 3837 J*
2462 3770 2488 3812 bak.
2466 3705 2488 3761 .,·’.ι.
2467 3514 2488 3691 ...munchen-mx.-
2460 3463 2474 3467 ζ
