2488 4290
1987 287 2072 340 145

133 455 135 457 ι
170 379 332 452 plane
357 379 562 435 alienos
588 382 787 437 divinis
814 383 1133 438 ministeriis
1154 389 1314 452 atque
1341 386 1648 439 animarum
1669 387 1831 442 saluti
1855 406 2071 461 semper

63 495 66 498 >
100 480 106 501 ²
141 482 283 523 csse
320 468 578 534 addictos,
619 470 840 538 suisque
879 471 1157 540 Episcopis
1210 487 1294 538 ea,
1334 486 1443 538 qua
1477 488 1574 541 par
1611 479 1706 538 est,
1764 480 2066 533 reverentia

89 542 105 557 '⁷
140 554 404 609 obedire.
450 556 697 617 Monachi
738 557 1035 624 etiaquui
1075 558 1134 609 in
1171 558 1479 626 profetione
1518 575 1618 612 sua
1671 575 1862 614 omnes
1898 566 2070 619 seculi

78 651 86 718 s
171 654 324 715 curas
359 640 693 704 abdicarunt,
738 643 939 695 debent
977 644 1204 701 omnino
1243 646 1299 698 in
1340 651 1528 699 sancta
1568 650 1981 720 comversatione
2019 658 2074 703 et

45 734 94 801 2-
169 730 224 783 in
263 726 455 779 habitu
493 726 706 779 Ordinis
742 728 831 780 sui
880 729 1060 782 vivere
1097 736 1167 782 ,et
1202 731 1260 783 in
1315 734 1661 785 monasteriis
1709 733 1797 787 vel
1848 736 2068 803 ospitiis

59 805 86 839 ³⁴
170 811 510 880 tranquillam
559 812 1054 882 intaminatamque
1090 818 1258 870 vitam
1298 832 1472 883 agere,
1522 835 1768 888 suaeque
1807 826 1861 872 et
1896 823 2075 889 proxi-

166 914 386 965 morum
441 903 691 951 aeternae
746 900 907 952 saluti
966 917 1182 970 semper
1233 903 1566 969 adlaborare,
1629 911 1842 959 servata
1902 923 2069 976 quarn

167 987 367 1041 dehent
412 985 685 1052 Episcopis
735 989 1044 1039 reverentia
1082 995 1247 1056 atque
1284 991 1625 1055 obedientia.
1670 994 1741 1044 Ea
1791 993 1858 1046 de
1909 1008 2070 1047 causa

167 1073 428 1127 salutares
465 1069 615 1137 leges
654 1077 815 1138 atque
854 1074 1242 1128 instructiones
1279 1077 1494 1130 iamdiu
1532 1078 1718 1132 editae
1755 1080 1982 1133 fuerunt
2005 1081 2072 1134 ab

166 1159 280 1215 hac„
305 1158 353 1210 S.
399 1157 535 1211 Sede
573 1173 670 1224 pro
710 1161 998 1213 monachis
1036 1162 1510 1232 Constantinopoli
1550 1164 1895 1229 degentibu8‚
1937 1181 2071 1232 qua-

59 1239 65 1301 ς’
167 1261 291 1299 rum
346 1245 572 1300 initium
627 1241 918 1312 Complures
955 1245 1058 1317 (1),
1104 1252 1155 1299 eb
1199 1245 1514 1316 Compertum
1564 1254 1640 1302 est
1689 1250 1783 1321 (2);
1838 1267 1980 1318 quae
2023 1253 2070 1305 si

59 1333 66 1393 ἶ
168 1336 406 1385 servatae
444 1330 677 1382 fuissent
713 1331 946 1386 minime
984 1332 1170 1387 dolere
1211 1350 1539 1401 cogeremur
1563 1338 1827 1403 quosdam
1866 1352 1928 1390 ex
1962 1339 2071 1390 Mo-

50 1412 111 1476 ²<
167 1418 360 1473 nachis
397 1417 529 1485 ipsis
565 1431 598 1468 a
633 1422 779 1469 recto
819 1419 1038 1471 tramite
1065 1421 1391 1475 discessisse.
1436 1421 1608 1475 Hasce
1646 1423 1830 1488 itaque
1867 1423 2069 1476 instru-

75 1516 78 1523 ·
170 1503 375 1556 ctiones
410 1503 612 1556 servari
649 1503 715 1555 ab
753 1505 1009 1557 omnibus
1047 1506 1115 1556 ad
1151 1522 1287 1572 quos
1324 1509 1600 1575 pertinent
1639 1508 1885 1561 districte
1913 1524 2075 1577 prae-

168 1591 419 1658 cipimus,
450 1589 683 1657 Tihique
721 1606 862 1644 onus
885 1591 1230 1656 iniungimus
1268 1598 1328 1644 ut
1355 1609 1452 1661 pro
1491 1593 1593 1645 Tui
1618 1594 1863 1646 muneris
1888 1594 2070 1649 officio

78 1698 83 1702 ·
168 1692 233 1733 ac
267 1681 587 1743 potestatem
626 1677 950 1730 eorumdem
990 1678 1388 1732 observantiam
1430 1680 1658 1732 omnino
1698 1695 1871 1744 cures,

171 1991 365 2042 restare
395 1991 476 2040 del
507 1991 645 2039 tutto
676 1990 829 2039 alieni
862 1991 992 2039 dalle
1024 1983 1147 2039 cu‘re
1178 1990 1448 2051 mendane,
1483 1993 1543 2040 ed
1576 2002 1739 2040 essere
1768 2003 1966 2053 sempre
1996 1995 2075 2042 in-

173 2067 302 2116 tenti
333 2067 382 2113 ai
422 2066 586 2113 divini
626 2064 878 2113 ministeri
910 2066 972 2113 ed
1014 2066 1115 2112 alla
1144 2064 1308 2112 salute
1350 2066 1479 2113 delle
1509 2067 1694 2125 anime,
1728 2068 1789 2114 ed
1836 2067 2076 2118 obhedire

170 2143 220 2190 ai
249 2141 421 2201 propri
451 2141 663 2212 Yescovi
695 2141 824 2188 60116
868 2139 1063 2188 dovuta
1102 2141 1468 2188 sommissione.
1506 2142 1529 2187 I
1571 2143 1773 2190 monaci
1803 2155 1949 2203 pure,
1983 2145 2076 2192 che

167 2218 302 2266 116116
331 2218 437 2264 1010
467 2208 774 2275 professione
796 2215 1165 2262 rinunciarono
1196 2228 1227 2262 a
1258 2215 1394 2263 tutte
1423 2216 1469 2263 le
1491 2227 1613 2263 cure
1644 2216 1724 2263 del
1746 2218 1926 2276 secolo,
1960 2218 2076 2267 deb-

166 2293 300 2341 bono
331 2290 727 2339 assolutamente
770 2291 942 2339 vivere
972 2289 1108 2336 nella
1138 2288 1289 2336 santa
1327 2289 1714 2338 conversazione
1756 2302 1784 2339 e
1813 2290 2076 2340 nell’abito

167 2362 247 2415 del
275 2367 383 2414 loro
412 2366 607 2425 ordine,
641 2377 668 2413 e
698 2377 875 2413 menar
915 2363 1021 2412 vita
1063 2363 1347 2424 tranquilla
1379 2377 1407 2411 e
1438 2377 1570 2423 pura
1601 2364 1687 2413 nei
1730 2364 2006 2414 monasteri
2048 2380 2078 2415 0

167 2442 313 2502 neg-li
342 2442 525 2501 ospizi;
577 2441 638 2488 ed
659 2439 948 2488 'affaticarsi
992 2451 1189 2498 sempre
1230 2452 1319 2498 per
1364 2440 1414 2487 la
1460 2439 1666 2499 propria
1705 2439 1883 2488 eterna
1912 2440 2077 2491 salute

167 2530 196 2564 e
225 2529 314 2575 per
345 2516 516 2575 quella
537 2516 618 2563 del
649 2515 912 2574 prossimo,
940 2514 1247 2570 osservando
1278 2514 1327 2560 16
1376 2514 1641 2562 riverenza
1673 2528 1701 2563 6
1733 2515 2079 2565 l’obbedienza

169 2591 261 2639 che
291 2582 487 2639 devono
518 2591 567 2637 ai
598 2589 826 2636 Vescovi.
863 2591 907 2635 A
938 2588 1010 2636 tal
1045 2589 1147 2636 fine
1178 2587 1329 2648 leg-gi
1364 2587 1579 2636 salutari
1613 2589 1675 2637 ed
1705 2589 1971 2638 istruzioni
2000 2591 2076 2639 fu-

169 2677 294 2714 10110
325 2666 417 2725 gia
447 2663 738 2724 pubblicate
770 2664 835 2711 da
867 2663 1048 2724 questa
1079 2662 1128 2709 S.
1167 2662 1294 2711 Sede
1337 2662 1418 2722 pei
1449 2665 1651 2712 monaci
1682 2664 1774 2712 che
1805 2663 2011 2712 abitano
2043 2679 2076 2714 6

107 2743 112 2759 ·
169 2740 587 2799 costantinopoli,
621 2740 668 2786 16
698 2740 839 2798 quali
864 2739 1211 2786 comineiano:
1252 2737 1538 2798 Complures
1569 2751 1596 2786 e
1630 2737 1940 2799 Compertum
1970 2740 2071 2787 est:

170 2816 279 2875 che,
304 2827 356 2862 se
379 2815 564 2862 fossero
596 2812 728 2861 state
758 2813 1030 2872 osservate,
1063 2825 1168 2860 non
1210 2825 1460 2860 saremmo
1491 2812 1721 2877 costretti
1751 2827 1782 2862 a
1813 2815 2077 2874 deplorare

164 2891 263 2945 ,che
293 2890 467 2936 alcuni
499 2888 640 2948 degli
660 2887 807 2936 stessi
839 2888 1039 2936 monaci
1069 2887 1114 2934 si
1147 2887 1292 2936 siano
1314 2887 1619 2936 allontanati
1650 2889 1784 2936 dalla
1807 2889 1890 2936 via
1922 2889 2071 2938 retta.

173 2965 535 3014 Comandiamo
581 2962 991 3023 rigorosamente
1035 2957 1293 3022 adunque‘
1310 2962 1403 3010 che
1450 2963 1629 3022 queste
1660 2963 1925 3011 istruzioni
1957 2976 2079 3011 ven-

172 3051 312 3100 gano
343 3037 600 3086 osservate
630 3038 695 3084 da
724 3036 852 3085 tutti
894 3038 1075 3096 601010,
1108 3037 1193 3084 cui
1235 3035 1485 3097 spettanO,
1519 3037 1582 3085 ed
1613 3050 1644 3085 6
1674 3038 1724 3086 te
1767 3039 2075 3098 imponiamo

166 3109 365 3162 'l’onere
396 3113 448 3161 di
487 3123 796 3171 procurarne
842 3109 1110 3159 l’assoluta
1149 3104 1452 3160 osservanza
1493 3113 1619 3161 colla
1650 3112 1742 3162 tua
1787 3112 2014 3162 autorita
2045 3125 2073 3163 e

171 3188 386 3236 secondo
418 3188 453 3233 il
485 3188 670 3235 dovere
701 3185 780 3233 del
819 3185 910 3233 tuo
943 3184 1226 3234 ministero.

186 3324 319 3332 ———

237 3423 298 3485 (l)
332 3423 574 3471 Instruct.
610 3423 659 3470 S.
695 3423 749 3471 O.
784 3422 846 3469 de
876 3424 1020 3482 Prop.
1056 3420 1195 3482 Fide,
1226 3422 1287 3470 20
1317 3422 1526 3483 august.
1564 3422 1696 3471 1842.

238 3496 299 3559 (2)
331 3497 528 3547 Decret.
564 3497 614 3557 S.
647 3497 701 3545 G.
735 3498 880 3557 Prop.
915 3496 1052 3558 Fide,
1085 3497 1144 3544 20
1173 3496 1390 3557 august.
1425 3495 1559 3545 1853.

1738 3614 1791 3663 10
