2488 4290
1982 286 2071 335 257

79 450 82 460 ,
213 401 290 450 25.
338 401 399 448 In
442 399 598 448 missa
642 410 748 447 non
792 396 1123 447 exhibebitur
1161 393 1467 448 obedientia,
1501 406 1608 442 non
1638 394 1727 442 flet
1757 407 1923 446 sermo
1955 400 2070 457 post

159 475 520 536 Evangelium,
553 486 721 535 neque
754 471 1144 524 eminentissimi
1175 469 1472 519 Cardinales
1502 469 1567 516 ad
1598 469 1848 518 circulum
1871 472 2075 520 descen-

70 543 94 607 ]
157 550 298 600 dent.

91 656 93 659 -
213 625 289 673 26.
322 623 539 683 Expleta
581 622 737 671 missa
766 623 818 672 et
846 620 1062 684 recitata
1091 620 1321 669 oratione
1368 618 1588 674 Placeat,
1621 620 1737 680 etc„
1781 619 2069 670 cardinalis

67 727 92 745 .-
153 699 413 748 celebrans
442 699 508 746 ad
536 698 879 746 faldistorium
908 696 1214 747 revertetur.

78 800 98 829 2·
207 772 284 822 27.
333 772 513 822 Clerici
557 774 814 833 cappellae
860 785 1014 832 super
1060 771 1220 820 altare
1250 769 1496 818 locabunt
1526 768 1774 817 thronum
1805 783 1896 829 pro
1928 784 2069 831 repo-

150 848 319 908 nendo
347 847 518 896 codice
550 847 601 895 S.
635 847 926 907 Evangelii.

57 918 66 979 “,
205 921 282 971 28.
313 922 590 982 Episcopus
620 922 832 970 Concilii
861 921 1165 970 secretarius
1197 920 1260 967 de
1288 920 1398 967 loco
1418 930 1512 966 suo
1534 918 1825 978 descendet,
1850 919 1901 967 et
1923 921 2061 969 facta

82 1040 94 1058 ,γ
149 997 358 1046 Summo
387 997 622 1045 Pontifici
651 996 958 1056 reverentia,
984 996 1050 1043 ad
1081 993 1641 1053 credentiam,accedet.
1676 995 1805 1040 Tum
1826 995 2068 1043 omnibus

146 1071 498 1132 surgentibus,
544 1072 680 1120 idem
726 1072 1005 1132 Episcopus
1051 1069 1358 1119 secretarius
1389 1068 1587 1117 nemini
1618 1068 1961 1116 reverentiam
1992 1070 2066 1117 fa-

67 1182 76 1224 ᾗ
147 1146 306 1207 ciens,
352 1146 549 1194 detecto
594 1146 760 1206 capite
807 1144 995 1194 deferet
1041 1145 1107 1192 ad
1154 1144 1314 1192 altare
1363 1142 1587 1191 codicem
1619 1142 1670 1189 S.
1705 1143 1979 1202 Evangelii
2011 1146 2063 1192 et

51 1252 73 1271 =
147 1233 299 1280 super
330 1221 576 1280 paratum
606 1220 854 1268 thronum
883 1219 1085 1267 locabit.

203 1296 279 1343 29.
326 1295 510 1343 Locato
543 1307 695 1354 super
725 1296 885 1343 altare
916 1294 1087 1343 codice
1118 1292 1168 1340 S.
1204 1292 1494 1352 Evangelii,
1529 1292 1807 1352 Episcopus
1844 1294 2062 1342 secreta—

64 1367 69 1433 Ἰ
145 1370 253 1419 rius
280 1371 449 1418 locum
481 1382 636 1417 suum
666 1369 822 1429 petet.

46 1452 53 1462 '
202 1445 278 1493 30.
326 1445 604 1504 Episcopus
646 1444 975 1492 concionator
1006 1444 1221 1503 pluviali
1251 1443 1467 1490 indutus
1500 1443 1551 1491 et
1582 1443 1792 1491 mitram
1824 1445 2066 1493 manibus

51 1528 85 1584 ss
146 1519 360 1580 gestans
390 1521 456 1567 ad
486 1520 670 1567 solium
696 1519 923 1578 accedet,
949 1519 1002 1566 et
1021 1519 1159 1566 facta
1179 1519 1324 1578 prius
1343 1518 1603 1576 profunda
1625 1519 1916 1566 reverentia
1947 1522 2067 1567 ante

59 1606 70 1634 t
146 1595 342 1656 gradus
388 1594 500 1642 solii
539 1595 786 1650 eiusdem,
819 1595 885 1641 ad
916 1594 1189 1642 Summum
1220 1593 1522 1640 Pontificem
1554 1593 1777 1653 accedet,
1812 1594 1896 1641 cui
1925 1595 2070 1642 incli-

144 1669 298 1718 natus
328 1669 643 1718 osculabitur
675 1669 786 1718 eius
817 1681 964 1729 genu
995 1668 1286 1728 dexterum,
1311 1668 1362 1716 et
1381 1668 1739 1727 indulgentias
1766 1669 2064 1728 postulabit.

47 1781 66 1797 .)
201 1745 276 1792 31.
323 1745 460 1791 Dum
501 1744 780 1812 Episcopus
807 1743 1159 1807 concionatur
1192 1742 1258 1817 ad
1288 1742 1472 1790 solium
1505 1742 1730 1801 accedet,
1763 1756 1854 1802 per
1886 1744 2060 1791 subsa-

51 1862 55 1869 .
99 1837 103 1841 ·
144 1819 350 1868 cristam
379 1831 532 1879 super
564 1818 724 1866 altare
753 1817 1059 1878 paramenta
1086 1829 1178 1876 pro
1211 1816 1422 1864 Summo
1455 1816 1704 1865 Pontifice
1734 1817 1878 1877 prius
1902 1818 2065 1877 dispo-

62 1888 82 1955 )
148 1893 255 1947 sita⁴
279 1893 675 1941 ordinabuntur.

201 1969 276 2017 32.
310 1968 595 2016 Habebitur
628 1979 793 2016 sermo
823 1980 915 2028 per
946 1967 1256 2027 Episcopum
1288 1965 1578 2014 mitratum.

201 2043 276 2092 33.
309 2042 568 2102 completo
597 2054 848 2102 sermone,
882 2042 1227 2090 subdiaconus
1258 2040 1566 2100 apostolicus
1587 2051 1791 2089 crucem
1823 2043 2059 2101 papalem

43 2119 54 2156 ,’
144 2118 263 2167 ante
293 2117 490 2177 gradus
519 2116 631 2164 solii
662 2117 867 2166 deferet.

200 2193 276 2239 34.
309 2191 552 2239 Summus
581 2191 836 2251 Pontifex,
870 2192 1099 2250 deposita
1149 2190 1319 2249 mitra,
1354 2189 1536 2248 surget
1574 2189 1625 2236 et
1656 2190 2066 2241 benedictionem

146 2266 288 2315 dabit
316 2267 401 2315 Sit
431 2277 600 2315 nomen
630 2266 851 2324 Domini,
881 2266 977 2314 etc.
1362 2318 1365 2319 ⁷

198 2340 274 2388 35.
323 2340 726 2388 Eminentissimi
768 2339 1065 2387 Cardinales
1113 2341 1164 2387 et
1214 2339 1625 2386 reverendissimi
1660 2339 1835 2387 Patres
1868 2340 2066 2390 detecto

59 2412 61 2415 ’
139 2415 305 2475 capite
334 2415 546 2463 stabunt
575 2415 641 2462 ad
670 2414 1094 2474 benedictionem,
1130 2413 1353 2461 Abbates
1373 2413 1424 2460 et
1450 2413 1634 2473 reliqui
1665 2426 1842 2462 omnes
1876 2428 2056 2474 genua

140 2488 364 2538 flectent.

45 2609 52 2615 .
142 2553 163 2564 “
198 2565 272 2612 36.
322 2564 617 2624 Episcopus,
652 2564 742 2624 qui
775 2575 1062 2611 sermonem
1092 2562 1294 2623 habuit,
1313 2562 1716 2621 indulgentiam
1760 2563 2062 2624 publicabit,

42 2676 47 2686 .,
99 2681 103 2686 .
139 2640 252 2687 tum
284 2639 556 2687 descendet
587 2639 647 2686 de
680 2639 898 2686 ambone
930 2637 981 2685 et
1010 2639 1181 2685 locum
1214 2637 1311 2685 sibi
1343 2637 1671 2697 assignatum
1706 2639 1993 2697 occupabit.

47 2749 51 2754 .
197 2711 272 2761 37.
321 2713 605 2760 Cardinalis
651 2713 914 2761 celebrans
959 2711 1160 2772 surget,
1194 2712 1400 2759 accedet
1429 2712 1498 2758 ad
1528 2711 1708 2771 altare,
1744 2712 1978 2772 signabit
2008 2715 2064 2759 li-

47 2790 50 2793 ’
139 2787 292 2835 brum
321 2786 372 2834 et
403 2786 628 2846 seipsum
659 2799 719 2854 ac
750 2786 974 2834 recitans
1019 2787 1365 2846 Evangelium
1413 2784 1462 2831 S.
1515 2787 1724 2833 Ioannis
1773 2787 2060 2835 revertetur

63 2884 65 2886 ·
140 2873 258 2909 cum
278 2861 386 2909 suis
405 2861 657 2908 ministris
688 2861 755 2908 ad
785 2861 1085 2921 sacrarium,
1109 2872 1280 2908 sacras
1311 2860 1480 2909 vestes
1511 2861 1748 2921 deponet,
1773 2861 1825 2909 et
1849 2862 2065 2920 pluviali

137 2934 351 2984 indutus
381 2936 446 2982 ad
477 2937 649 2982 aulam
678 2936 866 2983 redibit
895 2935 1032 2983 inter
1062 2935 1188 2983 alios
1218 2935 1648 2984 eminentissimos
1685 2936 1995 2984 Cardinales.

58 3048 62 3062 2
195 3009 271 3058 38.
319 3011 432 3057 Duo
477 3010 712 3069 Episcopi
763 3022 883 3056 cum
923 3009 1053 3057 libro
1083 3012 1135 3058 et
1165 3011 1379 3058 candela
1409 3005 1654 3058 accedent
1685 3012 1752 3058 ad
1784 3011 2056 3059 Summum

53 3101 59 3106 ·
138 3084 452 3144 Pontificem,
488 3085 578 3145 qui
609 3085 865 3144 psalmum
898 3085 1056 3140 Quam
1085 3084 1288 3141 dilecta,
1321 3085 1440 3145 ete,
1471 3085 1724 3133 recitabit.
2055 3132 2070 3139 ,

194 3159 270 3208 39.
305 3158 661 3207 Subdiaconus
681 3159 990 3219 apostolicus
1011 3159 1201 3207 deferet
1220 3160 1452 3207 sandalia
1473 3160 1524 3208 et
1545 3161 1741 3220 caligas
1761 3161 1827 3209 ad
1850 3162 2050 3222 solium,

50 3234 71 3302 J
138 3232 410 3281 comitatus
440 3245 471 3278 a
503 3232 703 3280 duobus
734 3234 1040 3292 signaturae
1070 3233 1389 3281 votantibus.

196 3307 272 3354 40.
307 3306 550 3354 Summus
580 3307 818 3355 Pontifex
851 3308 1048 3367 caligas
1079 3307 1130 3356 et
1162 3308 1395 3356 sandalia
1424 3308 1623 3356 induet.

194 3381 270 3428 41.
303 3380 527 3428 Sacrista
560 3381 625 3428 ad
655 3382 817 3429 altare
847 3395 940 3441 pro
973 3382 1252 3430 diribendis
1283 3383 1442 3430 sacris
1471 3383 1704 3431 vestibus
1736 3385 1918 3443 Papae.

194 3453 269 3502 42.
302 3454 548 3503 Votantes
578 3456 644 3503 ad
674 3455 833 3504 altare
865 3468 957 3515 pro
989 3456 1273 3504 deferendis
1303 3458 1460 3505 sacris
1493 3458 1722 3505 vestibus
1751 3457 2044 3518 praedictis,

194 3527 268 3590 43.
301 3527 585 3588 Gardinalis
616 3529 862 3590 diaconus
894 3530 1199 3580 cantaturus
1229 3532 1574 3592 Evangelium
1605 3533 1670 3580 ad
1701 3532 1900 3580 solium.

1707 3666 1758 3714 17
