2488 4290
1316 597 1561 674 XXI.

605 828 748 894 SAN
796 830 1166 894 Gmsi-:PPE
1215 831 1317 894 Eo
1361 831 1435 893 JL
1482 831 1841 897 coNolLlo
1887 816 2287 901 vArchNO.

1538 939 1579 996 θ
1957 941 1962 946 .

570 1185 898 1237 Postulatum
935 1186 991 1238 di
1031 1185 1096 1237 69
1135 1186 1292 1237 Padri
1332 1182 1419 1238 del
1458 1186 1697 1239 Concilio
1738 1189 2055 1240 eoumenioo
2109 1155 2388 1254 Vaticano,

498 1275 519 1323 i
560 1270 710 1339 quali
749 1272 1097 1325 domandano
1137 1272 1191 1323 la
1228 1271 1631 1336 glorifioazione
1669 1274 1758 1325 del
1796 1289 1927 1338 gran
1981 1275 2250 1327 Patriaroa
2288 1276 2396 1328 San

497 1356 781 1425 Giuseppe,
827 1358 888 1408 in
928 1358 1018 1409 oui
1056 1356 1128 1410 1‘8
1169 1359 1386 1423 maggio
1424 1359 1470 1409 si
1512 1358 1725 1411 celebro
1771 1358 1916 1411 dalla
1954 1359 2148 1413 Chiesa
2202 1361 2244 1413 il
2303 1377 2395 1429 pa·
2468 1372 2473 1373 ’

501 1456 755 1498 troomio.

507 1616 579 1669 Ut
615 1613 769 1671 debiti
803 1618 1011 1668 honores
1046 1614 1235 1668 Sancto
1273 1615 1481 1683 Iosepho
1501 1617 1698 1670 Beatae
1716 1619 1920 1670 Mariae
1959 1619 2182 1685 Viryinis
2200 1618 2393 1689 Sponso

567 1717 600 1754 a
642 1700 860 1755 Concilio
897 1703 1194 1756 oecumenico
1246 1702 1487 1755 Vaticano
1518 1704 1570 1754 in
1594 1718 1746 1756 sacra
1771 1704 2011 1771 Libui-qia
2037 1705 2385 1772 decernantur,

1184 1907 1191 1914 .
1220 1873 1676 1920 Postulatum.

565 2019 791 2070 Beatum
830 2017 1138 2084 Iosephum,
1183 2018 1447 2082 singulari
1486 2018 1578 2070 Dei
1625 2019 1966 2086 providentia
2020 2036 2145 2089 prae
2203 2022 2393 2075 ceteris

496 2104 758 2156 creaturis
797 2103 1034 2155 electum
1071 2104 1255 2167 fuisse,
1321 2110 1382 2156 ut
1437 2105 1695 2171 Deiparae
1751 2106 1989 2172 Virginis
2045 2106 2285 2175 Sponsus
2340 2115 2394 2161 et

493 2190 658 2243 Verbi
695 2191 981 2254 incarnati,
1014 2204 1124 2242 non
1153 2186 1507 2256 generatione
1527 2193 1766 2257 quidem,
1795 2193 1887 2245 sed
1915 2193 2198 2260 charitate,
2225 2195 2392 2263 adop-

494 2279 662 2344 tione,
704 2292 767 2329 ao
803 2277 1151 2329 matrimonii
1188 2278 1324 2342 iure,
1357 2279 1511 2330 Pater
1549 2292 1663 2331 esse
1702 2286 2021 2342 mereretur,
2050 2294 2212 2333 nemo
2241 2291 2391 2334 unus

493 2365 720 2430 ignorat.
768 2363 911 2415 Adeo
951 2370 1026 2426 ut,
1073 2365 1280 2418 nedum
1318 2365 1378 2415 in
1416 2365 1579 2416 sacris
1616 2365 1910 2431 evangeliis
1953 2371 2115 2432 atque
2156 2366 2223 2418 ab
2246 2367 2390 2434 ipsa-

493 2455 607 2502 met
642 2450 963 2502 Beatissima
998 2450 1235 2515 Virgine,
1267 2450 1431 2512 illum
1462 2451 1655 2503 Christi
1691 2452 1903 2504 Patrem
1934 2455 2142 2519 passim
2178 2466 2391 2506 nuncu-2

493 2719 713 2789 Affinokc}
749 2722 770 2773 i
805 2723 977 2783 dovutz‘
1014 2723 1156 2774 onorz‘
1191 2737 1223 2773 a
1259 2719 1367 2773 San
1411 2719 1677 2789 Giuseppe,
1711 2718 1869 2790 Sposo
1908 2722 2044 2774 della
2063 2722 2236 2774 Beata
2267 2721 2388 2774 Ver·
2447 2692 2458 2696 ’

560 2811 676 2874 qino
730 2810 925 2874 Maria,
965 2810 1017 2860 si·
1054 2809 1304 2861 decretino
1351 2807 1488 2859 nella
1537 2823 1690 2860 sacra
1744 2809 1984 2875 Liturqia
2021 2809 2110 2860 dal
2169 2807 2383 2861 Concilio

566 2898 835 2950 acumenico
886 2896 1146 2958 Vaticano,
2209 2898 2213 2905 ’

1200 3095 1214 3112 .
1250 3064 1635 3113 Postulat«)-

547 3213 720 3261 Niuno
752 3207 1061 3259 certamente
1091 3213 1279 3270 ignora
1310 3211 1401 3258 ohe
1432 3211 1469 3256 il
1499 3208 1688 3259 Beato
1719 3210 2064 3269 Giuseppe,
2097 3222 2186 3268 per
2204 3210 2379 3270 singo-

488 3291 593 3336 lare
623 3268 956 3345 disposizione
987 3287 1038 3332 di
1069 3287 1180 3346 Dio,
1204 3287 1261 3332 fu
1291 3284 1442 3332 eletto
1475 3285 1553 3330 fra
1582 3283 1721 3331 tutte
1749 3285 1797 3331 16
1827 3283 1956 3330 altre
1986 3282 2217 3331 creature
2234 3296 2265 3330 a
2282 3297 2384 3333 me-
2477 3278 2488 3327 ἰ

489 3359 726 3410 rita‘re'di
756 3373 917 3408 essere
946 3358 1093 3419 Sposo
1125 3362 1259 3408 della
1284 3360 1512 3419 Vergine
1543 3360 1714 3406 Madre
1760 3359 1812 3405 di
1861 3358 1971 3412 Dio,
2017 3370 2046 3405 e
2092 3357 2253 3405 Padre
2300 3357 2381 3404 del
2436 3423 2438 3425 ι
2471 3351 2488 3446 Ξ

491 3438 654 3487 Verbo
685 3434 969 3494 incarnat0‚
1003 3448 1108 3482 non
1140 3435 1231 3493 gia
1261 3447 1349 3493 per
1382 3436 1732 3493 generazione‚
1766 3446 1849 3480 ma
1878 3445 1967 3492 per
1996 3433 2048 3479 la
2085 3431 2262 3492 carita,
2295 3444 2387 3490 per*
2457 3474 2465 3483 ,

490 3513 700 3559 l’amore
730 3523 758 3558 e
786 3512 867 3569 pel
901 3508 1076 3556 diritto
1109 3510 1188 3555 del
1220 3509 1570 3556 matrimonio:
1605 3507 1751 3555 tanto
1774 3507 1881 3567 ohe,
1900 3519 2003 3553 non
2035 3507 2138 3553 solo
2154 3506 2237 3553 nei
2253 3505 2385 3553 sacri
2479 3461 2488 3549 ³

487 3586 738 3646 Evangeli
765 3584 1027 3643 leggiamo
1058 3583 1149 3645 ohe
1179 3584 1312 3630 dalla
1357 3582 1511 3631 stessa
1559 3581 1854 3630 Beatissimo,
1899 3580 2126 3640 Vergine
2175 3579 2381 3643 venisse
2471 3553 2488 3663 Ξ

2468 3663 2488 3992 Ξ

2469 3993 2488 4034 ³5

2464 4036 2488 4290 ξ
