2488 4290
919 490 1288 567 JKJ<J<NR

439 734 1004 799 COSTITUZIONE
1053 736 1509 802 DOMMATICA
1556 741 1784 803 PRIMA

157 894 359 976 Sopra
412 889 470 954 la
522 889 747 955 Chiesa
791 888 856 953 di
904 890 1519 976 Crist0‚puhblicata
1565 894 1735 961 nella
1781 898 2063 962 sessione

243 1008 465 1092 quarta
494 1003 599 1069 del
637 1003 930 1069 Concilio
975 1006 1273 1071 Vaticano
1326 1008 1425 1091 (⁴8
1469 1008 1671 1095 luglio
1716 1014 1918 1098 4870).

789 1348 961 1405 PIUS
1022 1337 1491 1407 Musecros

183 1496 427 1546 Son-vus
459 1508 810 1545 servorum
840 1495 986 1555 nei,
1021 1510 1218 1545 sacro
1251 1500 1675 1558 approbante
1698 1501 2016 1562 concilio,

557 1587 646 1634 ad
677 1590 1079 1647 perpetuam
1113 1586 1219 1635 rei
1249 1588 1665 1639 memoriam.

223 1723 412 1775 Pastor
446 1727 699 1775 aeternus
750 1727 804 1774 et
848 1722 1154 1789 Episcopus
1219 1722 1535 1775 animarum
1601 1731 1932 1789 nostrarum,
2007 1734 2067 1779 ut

153 1808 505 1862 salutiferum
543 1808 945 1875 redemptionis
996 1824 1134 1875 opus
1191 1822 1437 1875 perenne
1495 1810 1758 1875 redderet,
1821 1819 2066 1865 sanctam

153 1893 443 1948 aedificare
484 1894 782 1948 Ecclesiam
822 1894 1078 1961 decrevit,
1119 1895 1177 1947 in
1229 1911 1338 1961 qua
1396 1894 1568 1948 veluti
1624 1896 1685 1947 in
1741 1898 1907 1950 domo
1971 1899 2067 1951 Dei

152 1980 387 2034 viventis
419 1978 616 2033 fideles
656 1996 850 2034 omnes
880 1981 1053 2032 unius
1082 1979 1206 2032 fidei
1238 1986 1292 2033 et
1317 1981 1601 2034 eharitatis
1627 1982 1851 2035 vinculo
1894 1984 2068 2036 conti-

151 2072 425 2120 nerentur.
471 2067 809 2135 Quapropter
846 2067 1173 2135 priusquam
1217 2065 1637 2133 clarificaretur,
1700 2069 1922 2133 rogavit
1976 2070 2068 2122 Pa—

154 2158 292 2205 trem
329 2167 443 2206 non
481 2169 580 2221 pro
619 2152 891 2221 Apostolis
935 2159 1168 2220 tantum,
1215 2153 1311 2206 sed
1351 2162 1405 2206 et
1442 2170 1542 2222 pro
1603 2155 1681 2207 eis
1738 2154 1832 2221 qui
1895 2155 2067 2208 credi-

158 2239 266 2291 turi
304 2246 461 2292 erant
496 2256 594 2308 per
630 2241 863 2293 verbum
902 2255 1098 2293 eorum
1159 2240 1218 2291 in
1261 2240 1464 2307 ipsum,
1526 2247 1587 2292 ut
1643 2256 1832 2294 omnes
1890 2257 2065 2294 unum

152 2333 343 2390 essent,
386 2326 528 2380 sleut
564 2327 680 2395 ipse
716 2325 890 2379 Filius
929 2335 980 2379 et
1005 2327 1164 2379 Pater
1192 2341 1367 2378 unum
1398 2332 1542 2379 sunt.
1577 2327 2054 2388 Quemadmodum

887 2596 994 2648 PIO
1035 2595 1231 2648 VESCO
1241 2596 1317 2648 VO

148 2726 353 2776 Servo
384 2726 495 2776 (lei
515 2724 695 2775 servi
716 2725 788 2773 «11
807 2725 955 2783 llio,
980 2727 1398 2783 appu-ovante
1423 2722 1474 2770 11
1497 2724 1705 2772 Sacro
1729 2724 2062 2782 concilio,

507 2830 549 2864 a
578 2819 915 2877 perpetua
946 2812 1275 2862 memoria
1306 2814 1489 2861 della
1522 2827 1699 2862 cosa.

213 2939 254 2985 Il
297 2936 504 2985 Pastore
545 2936 722 2984 eterno
762 2947 789 2982 e
821 2936 1047 2981 Vescovo
1089 2932 1217 2980 delle
1262 2933 1431 2980 anime
1472 2932 1675 2992 nostre,
1718 2945 1809 2992 per
1854 2932 2066 2980 rendere

150 3024 376 3073 perenne
405 3011 455 3059 18
484 3010 747 3058 salutifera
777 3020 929 3067 opera
961 3007 1090 3053 della
1123 3006 1471 3065 Redenzione,
1516 3007 1719 3055 decreto
1750 3007 1985 3055 edificare
2017 3009 2066 3054 18

150 3087 303 3134 santa
334 3085 534 3145 Ohiesa,
557 3086 692 3132 nella
723 3084 889 3144 quale,
915 3093 1056 3129 come
1088 3081 1223 3128 nella
1254 3092 1372 3128 casa
1405 3081 1485 3127 dol
1518 3081 1611 3127 Dio
1643 3082 1868 3136 vivente,
1901 3081 2063 3128 tuttii
2165 3103 2168 3107 *
2249 3085 2255 3092 '

150 3161 299 3209 fedoli
328 3161 372 3206 si
404 3160 783 3207 mantenessero
815 3156 950 3204 uniti
982 3156 1065 3202 nel
1097 3154 1298 3201 vincolo
1329 3154 1380 3201 di
1412 3167 1519 3202 una
1550 3156 1655 3202 sola
1687 3156 1797 3202 fede
1830 3168 1856 3202 e
1887 3155 2061 3202 carita.

152 3235 245 3283 Per
273 3236 324 3281 18
352 3234 477 3294 qual
507 3245 639 3291 cosa,
663 3232 829 3291 prima
862 3231 955 3278 che
976 3228 1178 3277 venisse
1210 3228 1516 3289 glorificato,
1541 3229 1704 3289 prego
1726 3230 1762 3275 il
1783 3229 1942 3276 Padre
1960 3241 2063 3275 non

151 3309 372 3356 soltanto
403 3321 493 3367 per
524 3307 601 3367 gli
632 3305 886 3366 Apostoli,
933 3316 1017 3350 ma
1048 3315 1234 3350 ancora
1275 3314 1365 3361 per
1397 3303 1553 3363 quelli
1597 3303 1689 3350 che
1710 3315 1800 3362 per
1822 3304 1872 3349 18
1893 3303 2065 3361 parola

150 3384 258 3431 loro
288 3382 567 3436 avrebbero
597 3381 807 3429 creduto
839 3380 894 3425 in
926 3378 1019 3437 lui,
1054 3376 1278 3424 afflnche
1309 3377 1436 3425 tutti
1466 3378 1655 3426 fossero
1677 3390 1783 3424 una
1804 3388 1919 3424 cosa
1939 3377 2060 3433 sola,

151 3469 293 3509 come
322 3468 447 3505 sono
477 3469 585 3504 una
614 3467 732 3504 cosa
761 3454 868 3502 sola
898 3454 946 3500 lo
977 3452 1136 3500 stesso
1173 3451 1341 3511 FIglio
1373 3464 1401 3500 e
1422 3451 1457 3499 il
1480 3452 1655 3500 Padre.
1683 3451 1911 3499 SIccome
1934 3451 2063 3498 dun·
